2888 4936
10 506 29 641 l

10 652 25 781 l

420 355 506 411 Liber
522 355 637 424 primus.
673 355 775 411 Satura
792 354 826 410 V.

137 535 170 593 et
193 528 245 592 oui
267 547 327 611 per
348 526 489 593 mediam
512 527 596 593 nolis
619 546 787 592 ooourrere
809 534 944 608 nontam,

72 646 113 701 55
139 639 283 704 clivosae
305 638 434 704 veheris
458 639 534 705 dum
555 657 614 721 per
635 646 843 704 monumenta
863 639 1014 704 Latinae:

137 750 199 814 flos
221 750 322 816 Asiae
344 758 421 816 ante
442 750 557 833 ipsum,
581 750 687 834 pretio
709 751 831 815 maiore
852 756 986 833 paratus

138 881 237 943 quam
260 860 321 926 luit
343 868 376 926 et
397 861 486 926 Tulli
508 879 625 927 oensus
646 863 805 946 pugnacis
828 869 861 927 et
881 861 965 927 Auoi

138 980 180 1053 et,
205 992 246 1037 ne
268 978 301 1037 te
323 979 461 1054 teneam,
486 974 701 1039 Romanorum
723 974 831 1037 omnia
852 993 965 1056 regum

138 1083 268 1148 frivola.
314 1083 400 1166 quod
423 1104 495 1149 oum
517 1086 563 1150 ita
585 1085 636 1165 sit,
660 1092 695 1150 tu
718 1084 892 1150 Gaetulum
915 1083 1140 1168 Ganymedem

66 1203 111 1259 60
137 1197 275 1279 respice,
300 1214 373 1260 oum
395 1197 495 1261 sities.
541 1197 646 1261 nesoit
667 1202 715 1262 tot
736 1197 865 1262 milibus
889 1203 1015 1280 emptus

136 1306 339 1390 pauperibus
361 1308 498 1372 miseere
520 1327 609 1390 puer,
634 1307 693 1373 sed
716 1307 829 1390 forma,
853 1308 911 1373 sed
935 1315 1026 1374 aetas

138 1418 242 1502 digna
263 1418 445 1502 supercilio.
491 1417 621 1500 quaudo
644 1417 687 1484 ad
709 1426 742 1484 te
763 1421 913 1502 pervenit
934 1419 1017 1485 ille?

137 1528 269 1611 quando
292 1536 427 1613 rogatus
449 1527 542 1595 adest
563 1530 691 1596 ualidae
714 1530 910 1613 gelidaeque
933 1531 1106 1596 minister?

136 1642 260 1723 quippe
282 1641 470 1724 indignatur
491 1642 594 1707 ueteri
615 1660 731 1725 parere
754 1641 864 1707 clienti

67 1759 111 1814 65
138 1750 290 1833 quodque
312 1750 438 1835 aliquid
460 1771 574 1836 posoas
596 1759 629 1818 et
651 1750 738 1835 quod
760 1771 796 1819 se
818 1759 924 1820 stante
945 1754 1123 1820 recumbas.

44 1877 259 1884 ——-—

156 1942 197 1992 00.
235 1939 328 1994 sities:
347 1940 442 1995 nescit
458 1941 499 1991 61.
518 1955 595 2008 puer.
615 1941 666 1996 sed
689 1941 789 1994 Vahlen
802 1959 832 2010 p.
847 1951 886 1995 11.

54 2047 258 2063 r———-

156 2103 197 2153 55.
233 2102 345 2157 Paulin.
359 2102 459 2157 Nolon.
473 2104 536 2158 Nat.
550 2104 595 2157 ΙΙΙ
613 2104 672 2160 Fel.
686 2107 719 2156 72
738 2119 838 2173 aspera
859 2110 1005 2161 montosae
1029 2112 1181 2175 carpuntur

56 2194 142 2243 trata
159 2186 288 2241 Latinae.

58 2284 69 2321 ε
155 2276 197 2325 50.
234 2271 383 2327 claudian.
396 2273 430 2326 In
442 2273 559 2341 Eutrop.
572 2274 587 2328 Ι
600 2276 650 2327 250
669 2274 721 2330 llos
740 2274 847 2344 Syriae.

60 2379 68 2404 ε
155 2361 197 2411 57.
233 2356 512 2426 Horat.0.1V7,15
530 2361 611 2416 (lives
627 2359 732 2416 'Pullus
750 2365 779 2415 et
796 2359 901 2416 Anaua

61 2480 64 2489 .
155 2447 197 2497 ol.
233 2442 513 2499 Ovid.llot111455
530 2461 584 2502 neo
601 2446 690 2501 forma
707 2461 760 2500 neo
778 2454 864 2502 aetas.

62 2540 259 2575 4...-„

63 2610 69 2660 ῑ
119 2620 162 2668 54.
198 2616 355 2683 Liutprand
372 2617 496 2684 Legati}
520 2617 614 2673 colore
632 2617 809 2687 Aethiopem,
833 2619 879 2673 cui
901 2635 951 2688 per
969 2619 1089 2674 mediam
1107 2620 1180 2675 nolis

15 2722 17 2727 ’
52 2713 200 2758 monuere
218 2707 336 2756 noctem.

17 2872 20 2881 '
119 2879 161 2927 54.
199 2874 244 2927 cua'
260 2891 314 2942 por
336 2873 450 2926 mediam
472 2873 539 2926 nolas
562 2892 697 2929 occurrero
715 2880 822 2928 noctem.
857 2875 1180 2945 Sen.Apocoloe.13‚3

52 2976 152 3016 canem
175 2961 287 3028 nigrum
309 2959 452 3026 villosum,
476 2975 544 3015 sane
568 2976 649 3029 quem
672 2979 729 3017 non
755 2961 827 3017 velis
853 2963 907 3018 tibi
931 2964 961 3017 in
989 2965 1112 3020 tenebris
1135 2982 1181 3020 oo·

52 3060 171 3102 currere.

120 3137 162 3185 55.
200 3130 311 3183 clivosae
327 3147 428 3198 -per
450 3136 618 3185 monumenta
636 3133 759 3186 Latinae.
801 3133 848 3189 An
871 3134 919 3189 der
941 3135 990 3189 via
1010 3135 1113 3190 Latina
1133 3137 1180 3206 lag

48 3217 191 3273 iuvenale
209 3216 375 3272 Vatorstadt
391 3214 543 3284 Aquinum.

10 3339 12 3343 .
120 3305 164 3353 50.
201 3301 293 3357 Ueber
312 3302 358 3356 die
376 3303 472 3357 Praise
491 3304 609 3371 sohlluer
627 3303 747 3358 Sclaven
771 3311 802 3363 Qv.
817 3306 849 3357 00
868 3313 912 3361 tot
930 3306 1044 3361 milibus
1063 3314 1179 3377 emptusl

48 3387 174 3444 llartial.
194 3387 317 3452 11162‚1
341 3390 456 3444 (100000
475 3391 534 3443 und
551 3391 674 3453 200000).
711 3389 780 3444 Plin.
800 3391 832 3444 N.
851 3391 875 3444 h.
895 3391 950 3446 Vll
971 3394 1010 3443 50.

117 3476 186 3542 Ipse
205 3472 254 3527 der
271 3473 349 3540 Herr,
368 3490 403 3528 au
420 3491 446 3528 v.
461 3477 501 3526 30.

118 3563 163 3611 57,
199 3559 295 3613 Horat..
315 3558 344 3613 0.
364 3537 586 3625 1v7‚150bo‘n.

118 3648 163 3698 58.
199 3664 232 3697 ne
250 3650 274 3697 to
293 3649 401 3697 teneam.
437 3644 494 3699 Cio.
514 3646 591 3700 Verr.
611 3647 671 3699 134
689 3647 748 3700 und
765 3662 816 3715 pro
832 3646 958 3702 SRoseio
976 3647 1038 3702 Am.
1059 3652 1081 3714 l,
1095 3651 1127 3701 20
1145 3666 1180 3704 no

43 3734 162 3789 (liutius
180 3736 292 3785 teneam
309 3729 372 3786 Son.
391 3732 461 3800 Epp
482 3733 538 3797 124,
553 3734 585 3784 20
604 3732 707 3787 sedne
726 3742 754 3788 te
773 3733 879 3787 diutius
898 3740 1014 3789 teneam.

44 3842 47 3846 ⁴
118 3820 162 3869 59.
199 3816 319 3870 Frivola.
350 3816 390 3870 Zu
409 3818 503 3882 3,100.

116 3902 193 3972 quod
209 3920 267 3954 oum
285 3901 324 3954 ito
341 3901 384 3954 oia
420 3902 492 3956 Einl.
512 3901 538 3958 S.
553 3905 593 3955 57.

122 3989 269 4041 Gaetulum
291 3988 474 4056 Ganymedem.
505 3988 545 4041 Zu
566 3990 587 4053 1,
601 3990 641 4040 61.

117 4078 162 4127 00.
199 4073 298 4141 respice
322 4073 383 4125 dam
406 4072 486 4125 sities.
523 4072 607 4141 Apul.
626 4073 660 4126 ll.
680 4073 708 4126 X
723 4076 751 4123 ll
775 4074 931 4142 sitiensque
953 4075 1121 4143 pocillatore
1139 4094 1180 4134 re-

38 4169 149 4232 specto
168 4158 245 4213 ciliis
263 4158 371 4214 alterna
388 4161 544 4215 connivens
561 4159 658 4214 bibere
677 4158 839 4228 flagitarem.

115 4248 159 4298 tot
175 4244 283 4298 milibus
301 4250 409 4314 emptae.
441 4247 481 4300 Zu
499 4247 539 4296 56.

115 4333 160 4384 64.
198 4332 283 4383 veteri
299 4330 396 4384 clienti.
427 4331 579 4396 Zu1,132.
