2888 4936
156 394 218 454 416
563 384 707 440 Iuvenalis
724 390 883 438 saturarum

240 560 372 624 nomina
394 557 567 639 delectant,
592 577 718 622 omnem
740 553 895 620 Titanida
918 572 1061 638 pugnam

241 674 326 737 inter
348 671 486 735 maiores
509 671 680 753 ipsumque
702 667 896 733 Promethea
918 684 1030 750 ponas,

241 784 282 848 de
305 801 506 865 quocumque
529 780 620 846 voles
643 799 799 863 proavum
821 778 880 844 tihi
903 778 1021 844 sumito
1044 776 1137 842 libro.

158 903 215 957 135
241 891 327 975 quod
350 895 377 958 si
401 892 612 976 praecipitem
635 892 720 974 rapit
743 889 876 954 ambitio
900 897 998 970 atque
1021 886 1132 968 libido,

240 1007 267 1070 si
291 1004 415 1086 frangis
438 1004 548 1087 virgas
571 1004 730 1067 sociorum
752 1003 977 1084 insanguine,
1002 1002 1031 1065 si
1054 1007 1088 1065 te

240 1116 407 1181 delectant
429 1113 564 1179 hebetes
586 1115 672 1179 lasso
694 1115 807 1178 lictore
830 1130 969 1193 secures,

239 1227 353 1311 incipit
375 1225 518 1309 ipsorum
541 1233 653 1291 contra
674 1233 707 1291 te
730 1231 818 1290 stare
840 1229 1010 1308 parentum

240 1338 393 1403 nobilitas
417 1339 600 1418 claramque
622 1335 728 1401 facem
750 1335 917 1419 praeferre
939 1333 1111 1419 pudendis.

161 1459 217 1512 110
242 1468 335 1513 omne
359 1449 458 1512 animi
481 1447 595 1512 vitium
618 1454 708 1513 tanto
730 1449 934 1531 conspectius
956 1447 991 1511 in
1013 1464 1050 1511 se

241 1561 362 1625 crimen
386 1558 492 1638 habet,
518 1563 638 1638 quanto
662 1559 763 1623 maior
786 1559 841 1639 qui
863 1564 978 1642 peccat
999 1556 1145 1622 habetur.

242 1691 305 1753 quo
328 1670 406 1734 mihi
431 1677 462 1734 te
486 1669 616 1735 solitum
638 1668 740 1735 falsas
763 1670 894 1753 signare
916 1667 1055 1735 tabellas

241 1785 274 1847 in
298 1781 427 1864 templis
451 1799 535 1861 quae
558 1779 748 1859 fentanas,
772 1787 977 1861 statuamque
1000 1780 1144 1863 parentis

260 1964 315 2014 133.
352 1960 459 2029 po*nas
480 1961 506 2013 P
522 1956 595 2030 t‘suit
613 1959 709 2028 opinor
730 1960 845 2027 poenas*
871 1959 1018 2022 Bushahr).
1055 1959 1217 2030 adscriptam
1238 1955 1275 2011 vol

154 2064 264 2117 pungas.

261 2205 335 2256 itha.
373 2200 436 2254 Alc.
455 2200 533 2255 Avit
553 2200 580 2253 II
599 2203 627 2250 51
660 2201 690 2254 in
714 2201 813 2268 ignoto
839 2201 931 2254 minor
955 2207 999 2255 est
1025 2208 1164 2268 peccante
1185 2206 1279 2255 reatus

155 2288 280 2343 Salvian.
294 2287 365 2343 Gub.
380 2287 425 2340 dei
439 2285 481 2339 IV
494 2289 526 2336 57
556 2286 638 2341 Halm
656 2285 669 2337 l
686 2287 752 2346 1,11
772 2278 950 2340 criminosior
972 2285 1047 2339 enlm
1065 2284 1151 2353 culpa
1173 2291 1217 2341 est
1237 2281 1282 2339 nbi

152 2372 299 2428 honestior
316 2379 415 2429 status.
452 2370 482 2425 Si
501 2370 645 2425 honestior
663 2375 708 2425 est
725 2384 848 2438 persona
864 2371 1020 2439 peccantis,
1043 2372 1157 2439 peccati
1176 2384 1285 2441 quoque

153 2461 243 2513 maior
262 2458 379 2513 invidia.

225 2595 280 2645 142.
317 2593 453 2647 Priscian.
467 2591 566 2646 XVIII
580 2594 620 2656 30,
634 2594 683 2642 292
703 2591 785 2646 GLK.
800 2592 843 2646 ΙΙΙ
858 2594 915 2659 361,
930 2595 970 2646 21.

225 2730 280 2779 132,
303 2731 358 2779 133.
395 2727 487 2783 Ueber
500 2728 713 2788 Stammhiinma
725 2729 771 2783 die
785 2730 815 2783 in
828 2729 874 2784 die
887 2731 1043 2787 Fabelwelt
1054 2731 1287 2797 hinaufreichten

155 2814 206 2867 SG.
228 2813 240 2865 Ι
260 2816 316 2864 112.
349 2813 412 2867 Wie
430 2820 513 2867 unter
532 2813 586 2867 den
605 2813 719 2869 Bildem
743 2815 792 2869 dor
811 2815 912 2870 Ahnen
936 2816 995 2871 ihre
1013 2817 1110 2886 siege,
1135 2816 1325 2886 'Ihiumphe‘

155 2915 180 2952 n.
195 2915 215 2952 s.
230 2914 262 2950 w,
278 2898 456 2954 verzeichnet
467 2914 561 2953 waren
575 2902 617 2962 {nu
630 2901 653 2958 6,
669 2900 773 2966 169111,
793 2908 885 2970 magst
897 2902 935 2956 du
947 2902 995 2957 bei
1008 2903 1114 2957 deinen
1125 2901 1284 2971 geisbeltea

153 2983 311 3051 gottlichen
328 2983 430 3038 Ahnen
449 2984 508 3039 ihre
525 2984 707 3039 Theilnahme
726 3001 763 3038 an
781 2986 843 3039 dem
856 2986 1080 3056 Titanenlrampi
1095 2990 1284 3045 veraeichnen.

155 3069 188 3122 In
206 3070 310 3125 diesem
329 3069 413 3124 stand
431 3069 612 3125 Prometheus
630 3069 681 3124 auf
696 3070 793 3125 Seiten
812 3071 862 3126 des
880 3072 960 3128 Zeus.

225 3157 280 3206 131.
318 3155 616 3224 daquocumquelr'bro:
630 3157 721 3210 einem
734 3157 900 3222 Euchadiae
913 3156 1107 3228 Genealogien
1126 3160 1286 3217 derGhtter
1323 3171 1325 3175 '

154 3241 213 3294 und
230 3241 343 3295 Heroon
361 3241 475 3296 enthiilt.

226 3327 281 3376 136.
306 3325 421 3395 franpas
440 3326 528 3394 sirpus
540 3355 574 3364 -
591 3327 618 3378 t'a
636 3326 771 3396 sanquine,
785 3329 840 3397 vgl.
854 3332 1005 3385 aaronita
1020 3329 1170 3401 frangebat
1182 3335 1286 3390 vertice

154 3411 242 3465 vitem
261 3412 319 3464 und
337 3427 371 3463 au
390 3413 413 3474 6,
424 3413 474 3460 479
493 3410 538 3464 hic
557 3410 663 3479 frangit
680 3411 792 3467 ferulas.

227 3499 282 3547 139.
320 3495 433 3550 Sallust.
447 3495 508 3563 lug.
523 3497 564 3561 85,
577 3498 609 3547 23
627 3497 763 3552 maiorum
781 3499 874 3567 gloria
891 3502 1013 3570 posteris
1032 3505 1113 3572 quasi
1132 3505 1229 3562 lumen
1246 3515 1286 3561 est

154 3598 245 3651 neque
264 3583 339 3636 bona
357 3595 448 3649 neque
467 3581 539 3635 mala
558 3597 653 3636 eorum
673 3583 701 3636 in
720 3584 834 3639 occulto
853 3587 968 3655 patitur.
1005 3588 1076 3642 Plin.
1094 3590 1166 3659 Epp.
1180 3591 1208 3645 V
1222 3594 1284 3656 ¹⁷24

153 3666 286 3723 laudibus
296 3668 415 3722 incitavi
426 3665 758 3735 {CalpurniumPisonem}
765 3677 903 3739 pergeret,
915 3688 971 3740 qua
978 3675 1122 3744 coepisset
1129 3676 1286 3745 lumenque,

157 3754 234 3820 quod
253 3754 307 3808 sibi
326 3753 448 3807 maiores
467 3754 511 3806 sui
530 3753 739 3820 praetulissent
759 3758 881 3823 posteris
900 3759 962 3825 ipse
979 3758 1142 3827 praeferret.

227 3841 283 3891 142.
319 3855 371 3907 quo
389 3838 456 3890 mihi
468 3839 657 3891 tesolitum—
671 3841 783 3910 siquam,
797 3841 853 3910 vgl.
867 3859 939 3898 auu.
953 3846 976 3896 9.
1005 3847 1151 3914 quomihi.
1165 3846 1285 3916 quotibi

158 3923 209 3977 mit
227 3923 290 3977 dem
309 3922 450 3977 Infinitiv:
471 3922 519 3977 Ov.
534 3923 594 3977 Am.
609 3925 653 3977 III
667 3928 761 3990 8,174.
792 3927 872 3981 Pont.
887 3927 936 3995 15,
951 3931 990 3981 67.

218 4009 310 4079 soleae
328 4009 434 4078 siccare
452 4010 569 4076 tabellae,
589 4009 644 4078 vgl.
660 4013 681 4076 1,
695 4013 735 4063 61.

226 4096 280 4145 113.
302 4097 358 4145 111.
396 4093 429 4148 In
442 4094 578 4163 Tempeln
596 4095 711 4150 wardon
723 4095 876 4152 Urkunden
890 4100 1024 4169 deponirt
1039 4102 1111 4172 {Dia
1125 4103 1223 4158 XLIII
1236 4106 1285 4161 5,3

154 4181 169 4239 θ
189 4180 203 4228 3
223 4179 247 4232 si
267 4181 424 4234 custodiam
442 4180 601 4235 tabularum
620 4182 797 4248 [testamenti]
823 4184 956 4239 aedituus
978 4185 1024 4241 vel
1047 4187 1206 4244 tabularius
1229 4204 1287 4243 sns-

156 4263 250 4329 cepit),
274 4264 410 4319 nachdem
434 4267 476 4320 sie
499 4267 599 4320 vorher
621 4266 761 4336 besiegelt
786 4285 879 4324 waren
906 4271 992 4334 (Mart.
1012 4271 1039 4324 X
1059 4275 1099 4337 to,
1119 4275 1133 4324 2
1152 4290 1228 4329 nunc
1251 4273 1286 4328 ad

154 4344 301 4401 luciferam
323 4349 418 4417 signat
439 4365 501 4404 moa
524 4366 633 4417 gemma
657 4352 795 4407 Dianam.
836 4355 881 4409 Da
905 4355 959 4411 alle
986 4357 1100 4425 Zeugen
1123 4359 1175 4412 mit
1197 4361 1286 4416 ahiem
