2888 4936
152 349 218 411 242
566 345 711 402 luvenalis
728 354 886 401 saturarum

240 518 386 584 delatore
409 518 539 584 forent?
563 518 702 603 dispersi
727 520 872 603 protinus
894 519 991 603 algae

239 630 449 711 inquisitores
472 638 607 713 agerent
630 650 702 695 cum
724 631 848 714 remige
871 630 958 695 nudo

176 751 215 805 50
238 762 302 806 non
327 741 504 821 dubitaturi
527 741 701 825 fugitivum
724 740 833 808 dicere
855 743 978 825 piscem

238 853 476 937 depastumque
499 851 556 919 diu
578 854 705 919 vivaria
727 853 888 933 Caesaris,
912 854 989 919 iude

238 967 386 1049 elapsum
409 972 555 1029 veterem
578 964 620 1029 ad
643 964 808 1029 dominum
832 964 951 1030 debere
973 966 1102 1031 reverti.

239 1078 267 1142 si
290 1076 369 1158 quid
390 1076 546 1157 Palfurio,
571 1077 598 1140 si
621 1076 783 1141 credimus
805 1075 984 1157 Armillato,

238 1188 400 1270 quidquid
421 1189 630 1271 conspicuum
653 1187 888 1271 pulchrumque
910 1196 961 1253 est
982 1207 1126 1270 aequore
1148 1195 1224 1269 toto,

174 1310 212 1365 55
237 1320 289 1365 res
311 1301 380 1365 fisci
402 1310 460 1380 est,
485 1300 679 1382 ubicumque
702 1307 801 1365 natat.
847 1299 1019 1365 donabitur
1041 1319 1128 1383 ergo,

237 1432 278 1477 ne
300 1420 422 1495 pereat.
467 1413 533 1476 iam
556 1410 683 1476 letifero
706 1410 842 1476 cedente
864 1412 989 1495 pruinis

237 1532 400 1603 autumno,
425 1524 490 1588 iam
514 1530 707 1605 quartanam
730 1522 936 1606 sperantibus
959 1524 1067 1606 aegris

256 1717 296 1765 51.
333 1712 524 1781 sperantibus?
549 1710 751 1781 superantibus
772 1714 820 1765 'rel
835 1713 1040 1780 spernentibus
1060 1712 1172 1781 Maetly
1186 1711 1286 1766 ’111111

152 1800 300 1854 XLVIII
311 1806 429 1868 111110.

224 1958 284 2010 otis.
322 1954 399 2009 Serv.
413 1952 497 2021 Verg.
511 1953 544 2008 A.
558 1952 598 2008 Vl
613 1956 663 2004 31111
683 1954 747 2007 tiam
759 1983 794 1991 —
806 1959 957 2008 autumno.

153 2062 360 2073 ...-—-.—

151 2112 357 2167 latorenvesen
375 2109 453 2164 scine
471 2112 581 2177 grosste
599 2108 689 2163 Holre.
718 2107 833 2163 Sueten.
853 2107 957 2163 Domit
977 2109 1047 2162 011
1064 2107 1141 2162 bona
1158 2107 1287 2163 vivmum

151 2211 185 2250 ac
203 2207 376 2250 mortuorum
399 2209 489 2262 usque
507 2209 619 2263 quaque
639 2194 767 2262 quolibet
784 2200 814 2247 01
832 2197 998 2248 accusatore
1016 2198 1046 2247 et
1062 2193 1182 2249 erimine
1201 2194 1287 2248 corri-

150 2281 310 2350 piebantur.
346 2279 409 2347 Vgl.
428 2279 588 2336 Philostrat.
607 2278 702 2348 Apoll.
720 2277 752 2332 T.
766 2276 822 2332 Vll
836 2279 945 2330 23-25.
982 2278 1052 2332 Plin.
1071 2278 1139 2332 Pan.
1159 2283 1193 2331 34
1207 2295 1227 2334 s

107 2412 114 2437 ,
218 2368 259 2418 18,
296 2366 384 2434 abac,
404 2348 547 2421 entweder
570 2367 608 2419 im
627 2364 819 2434 eigeutlicben
837 2362 908 2418 Sinu
926 2364 995 2419 oder
1018 2364 1227 2434 metonymisch
1243 2363 1287 2419 fflr

113 2440 117 2455 '
151 2451 217 2507 Ufer
235 2452 289 2505 wie
309 2450 410 2506 Catull.
430 2454 471 2516 61,
485 2453 518 2502 60
537 2467 563 2504 u.
587 2452 640 2502 111.

221 2540 261 2590 51.
296 2536 403 2589 uicaria
424 2537 553 2597 caesaris,
572 2536 701 2603 piscinae
716 2534 845 2589 Caesaris
862 2535 933 2603 Plin.
947 2535 980 2590 N.
993 2534 1018 2588 h.
1038 2534 1065 2588 X
1080 2536 1137 2586 toa
1166 2535 1286 2590 Martial.

151 2622 192 2677 IV
206 2625 247 2675 30.
268 2622 343 2689 Aug.
356 2621 399 2675 De
412 2636 475 2690 geu.
488 2622 526 2677 ad
537 2622 592 2676 litt.
606 2621 652 2675 111
664 2625 679 2685 §
694 2623 725 2673 12
744 2621 858 2690 quidam
872 2622 1053 2689 scripserunt,
1072 2635 1146 2688 quae
1162 2621 1287 2676 animad-

151 2714 261 2763 vertere
280 2712 435 2776 potuerunt
452 2707 482 2759 in
500 2707 619 2762 vivariis
638 2707 760 2776 piscium
777 2707 867 2762 multa
884 2706 1019 2761 miranda.

221 2796 262 2844 53.
299 2791 428 2861 Palfurio
440 2822 475 2831 —
488 2792 641 2846 assailiatur.
667 2791 760 2847 Schol.
777 2791 919 2847 Palfurius
936 2791 1014 2859 Sura,
1033 2792 1193 2848 consularis
1204 2791 1286 2857 lilius,

151 2879 204 2934 sub
223 2879 334 2932 Nerone
357 2877 480 2932 luctatus
505 2886 549 2934 est
573 2882 644 2940 (cum
663 2879 774 2946 virgine
799 2876 1011 2932 lacedaemonia
1036 2878 1066 2931 in
1090 2893 1182 2946 agone
1201 2879 1286 2934 schol.

151 2963 272 3030 Vallae);
296 2968 362 3030 post
385 2962 451 3016 inde
473 2979 491 3016 a
508 2963 686 3033 Vespasiano
713 2969 813 3019 senatu
836 2968 929 3018 motus
953 2963 1088 3018 transivit
1105 2963 1143 3016 ad
1167 2964 1286 3018 stoicam

151 3054 264 3110 sectam,
283 3049 313 3102 in
332 3063 388 3116 qua
406 3064 469 3102 cum
487 3049 664 3117 praevaleret
682 3056 711 3104 et
729 3050 892 3117 eloquentia
910 3058 940 3104 et
958 3050 1027 3104 artis
1041 3049 1174 3117 poeticae
1187 3048 1286 3118 gloria

151 3137 256 3190 abusus
274 3133 466 3188 familiaritate
484 3134 641 3189 Domitiani
659 3136 842 3191 acerbissime
860 3141 955 3202 partes
978 3134 1132 3189 delationis
1149 3135 1286 3190 exercuit.

151 3238 207 3289 quo
227 3219 384 3286 interfecto,
403 3227 504 3275 senatu
522 3229 674 3275 accusante
693 3220 842 3275 damnatus
860 3223 919 3286 (est)
941 3224 1013 3288 [cum
1026 3218 1129 3276 fnisset
1147 3221 1222 3275 iuter
1240 3220 1287 3275 de·

151 3307 272 3370 latoresl.

219 3398 351 3459 potentes
363 3392 440 3459 apud
452 3390 646 3446 Domitianum
658 3391 695 3455 bi,
715 3391 889 3458 Armillatus,
908 3392 1111 3447 Demosthenes
1125 3399 1155 3446 et
1166 3391 1285 3447 Latinus

152 3476 339 3535 archimimus,
358 3477 434 3531 sicut
451 3477 556 3531 Marius
574 3478 713 3532 Maximus
731 3478 838 3533 scribit.
875 3477 951 3533 Suet.
970 3479 1050 3532 Dom.
1070 3479 1101 3528 13
1121 3475 1285 3546 Capitolino

152 3563 304 3617 certamine
335 3571 454 3617 cunctos
485 3563 593 3631 ingenti
623 3578 763 3618 consensu
787 3565 930 3631 precantis
953 3574 986 3620 ut
1008 3561 1164 3618 Palfurium
1190 3563 1286 3618 Suram

149 3649 323 3713 restitueret,
351 3648 462 3716 pulsum
490 3649 558 3703 olim
585 3656 685 3704 senatu
714 3665 747 3702 ae
771 3655 840 3703 tuuc
864 3649 899 3703 de
926 3649 1087 3705 oratoribus
1112 3660 1285 3705 coronatum.

150 3732 259 3789 Teuffel
279 3733 361 3788 RLG.
382 3736 504 3797 511115.
529 3733 581 3789 SG.
602 3735 703 3797 11101,
718 3737 744 3800 1;
764 3736 823 3799 181,
836 3738 860 3786 3.

219 3820 383 3872 Armillato
402 3821 440 3875 ist
457 3836 509 3873 nur
528 3836 579 3874 aus
598 3821 690 3874 dieser
708 3819 795 3875 Stella
814 3819 946 3875 bekannt

221 3907 260 3956 57.
297 3905 350 3958 ium
369 3906 477 3975 letifero
496 3908 600 3958 cedente
617 3905 725 3974 pruinis
743 3908 880 3959 Autumno
899 3908 924 3960 d.
937 3907 962 3960 h.
976 3913 1049 3963 etwa
1061 3922 1095 3961 zu
1107 3907 1190 3961 Eudo
1202 3905 1287 3962 Okto-

151 3990 200 4044 ber
226 3992 294 4046 oder
318 3990 433 4059 Anfang
455 3991 620 4046 November.
657 3991 712 4045 Die
740 3993 905 4060 ungesunde
927 3992 990 4047 Zeit
1015 3992 1135 4060 beginnt
1161 3993 1214 4048 mit
1239 3992 1288 4046 (101

152 4075 300 4141 obstruite,
319 4077 400 4131 llitto
418 4076 545 4145 August,
569 4077 618 4130 der
641 4079 852 4145 ungesundeste
870 4079 968 4133 llonat
990 4079 1028 4134 ist
1046 4079 1095 4132 der
1114 4076 1286 4147 September.

151 4161 296 4229 Kiessling
324 4179 359 4216 zu
385 4163 481 4217 Horat.
507 4163 577 4230 Epp.
604 4163 664 4227 11,
683 4164 733 4217 off.
757 4165 816 4219 und
839 4164 865 4219 S.
880 4163 950 4223 116,
970 4165 1001 4216 18
1024 4163 1175 4232 plumbeus
1194 4168 1287 4220 auster

152 4244 369 4315 Autumnusque
393 4250 501 4316 gravis,
529 4249 672 4303 Libitinae
700 4258 834 4317 quaestus
861 4250 987 4305 acerbae.
1022 4250 1063 4303 ld.
1087 4248 1116 4303 O.
1141 4249 1172 4303 11
1192 4252 1237 4305 11.
1257 4251 1286 4300 15

152 4330 254 4384 frustra
272 4348 323 4399 per
341 4342 490 4389 autumnos
508 4340 658 4390 nocentem
676 4334 848 4403 Corporibus
866 4343 1022 4390 metuemus
1041 4340 1175 4391 austmm.
