2888 4936
386 365 473 421 Liber
490 365 613 435 quintus.
650 364 753 421 Satura
769 364 847 423 XIV.

137 542 277 610 materia
299 545 446 605 constare
468 543 562 623 putat
582 538 780 622 paribusque
803 538 979 623 elementis,

139 677 183 722 an
205 654 334 720 saevire
355 651 450 717 docet
471 650 599 715 Rutilus
621 650 677 733 qui
699 650 821 734 gaudet
842 653 958 718 acerbo

138 768 311 852 plagarum
333 763 472 847 strepitu
495 767 528 828 et
547 761 672 826 nullam
694 761 809 829 Sirena
830 762 971 846 flagellis

70 888 114 944 20
140 884 307 962 conparat,
330 873 525 958 Antiphates
546 873 666 958 trepidi
687 873 766 939 laris
788 894 828 940 ac
848 873 1076 959 Polyphemus,

138 996 216 1058 tunc
237 989 326 1068 felix,
350 987 500 1070 quotiens
521 985 641 1068 aliquis
662 992 782 1052 tortore
803 994 916 1053 vocato

139 1104 244 1168 uritur
267 1099 395 1166 ardenti
418 1095 483 1163 duo
505 1103 637 1181 propter
657 1096 760 1164 lintea
782 1098 869 1164 ferro
890 1135 934 1147 ·-

141 1214 221 1297 quid
243 1211 361 1278 suadet
381 1210 493 1274 iuveni
515 1209 622 1275 laetus
643 1209 781 1275 stridore
803 1218 948 1293 catenae,

142 1345 239 1409 quem
259 1322 342 1389 mire
364 1320 521 1387 adficiunt
542 1321 699 1405 inseriptn
722 1324 895 1406 ergastula,
920 1323 1057 1388 carcer?

74 1448 117 1503 25
140 1438 281 1504 rusticus
303 1440 459 1517 expectas
481 1438 601 1498 utnon
624 1433 666 1498 sit
687 1431 836 1500 adultera
858 1435 986 1518 Largae

140 1549 219 1631 filia,
243 1565 328 1630 quae
350 1563 525 1626 numquam
547 1551 710 1610 maternos
732 1543 841 1610 dicere
862 1545 1013 1612 moechos

140 1668 208 1727 tam
231 1659 294 1724 cito
316 1675 376 1722 nec
398 1661 488 1721 tanto
511 1656 630 1738 poterit
652 1662 824 1722 contexere
846 1675 950 1739 cursu

142 1779 177 1838 ut
199 1791 264 1837 non
285 1766 445 1835 terdecies
466 1767 630 1852 respiret?
654 1769 784 1833 consola
804 1769 900 1834 matri

158 2033 199 2084 24.
236 2026 375 2096 inscripta
386 2024 537 2095 ergastula]
550 1986 698 2094 Inscripta,¹
710 2025 854 2094 ergastula
867 2027 1033 2080 Heraeorden
1044 2028 1188 2082 Baclelerl

53 2117 201 2187 Inscripti,
226 2113 368 2183 ergastula
395 2111 531 2166 Richards
552 2111 634 2165 Olass.
654 2112 722 2165 Rev.
742 2112 846 2166 11326
873 2112 1011 2180 inscripta
1036 2115 1188 2183 ergastula,

53 2218 150 2259 carcer
167 2198 326 2257 Rusticus?
362 2197 451 2252 Κίων
463 2214 494 2266 p.
508 2204 548 2252 79.

159 2444 200 2495 20.
238 2439 318 2497 Ovid.
335 2439 416 2494 Pont.
435 2436 465 2492 11
483 2438 570 2504 2,113
596 2451 650 2493 nec
673 2441 768 2493 tamar
788 2436 1031 2507 -Polyphemus
1054 2438 1084 2493 iu
1105 2445 1186 2495 antro

54 2529 190 2599 Accipiet
207 2540 293 2582 voces
310 2523 518 2593 Antiphatesve
536 2530 609 2578 tuos.

159 2617 201 2666 25.
237 2612 334 2666 Horat
347 2611 418 2679 Epp.
432 2610 446 2664 Ι
459 2610 483 2676 2,
495 2611 529 2661 42
547 2608 671 2664 rusticus
689 2613 829 2678 expectat,
848 2609 914 2664 dum
932 2607 1038 2665 defluat
1055 2610 1152 2666 amrin.

55 2861 186 2910 constare
199 2851 347 2906 elementis
359 2880 394 2888 -
406 2851 465 2905 dici
477 2856 580 2920 potest.
605 2849 727 2904 Macrob.
747 2848 805 2904 Sat.
818 2851 832 2903 I
847 2852 886 2916 11,
900 2853 915 2903 6
933 2851 1014 2919 quasi
1028 2851 1119 2918 (111111
1131 2868 1189 2907 non

55 2957 89 2997 ex
108 2939 199 2995 isdem
217 2936 272 2992 tibi
291 2942 320 2992 et
337 2941 469 2992 constent
486 2940 515 2991 et
532 2934 645 2991 alantur
661 2936 807 2991 elementis
820 2936 995 3005 eundemque
1008 2938 1140 3005 spiritum
1153 2937 1189 2994 ab

55 3027 155 3083 eodem
172 3021 305 3092 principe
323 3022 459 3091 carpant?

124 3122 164 3172 18.
202 3116 322 3171 Rutilus.
359 3117 400 3171 Zn
420 3120 459 3183 11,
473 3116 496 3167 2.

122 3216 165 3265 20.
197 3210 404 3280 Antiphatcs—
417 3211 593 3280 Polyphemus
611 3208 837 3278 sprichwdrtlieh
850 3207 895 3263 fllr
906 3208 1096 3266 Wittheriehe.
1121 3211 1188 3280 Vgl.

57 3300 129 3356 oben
146 3297 207 3352 und
225 3296 272 3351 die
289 3313 347 3351 ron
358 3297 497 3367 Weyman
514 3296 594 3351 Neue
607 3293 741 3363 Sprichw.
759 3293 868 3350 Archiv
879 3294 953 3350 VIII
968 3298 1018 3348 485
1032 3299 1122 3352 11490
1140 3314 1189 3352 an-

57 3384 207 3455 gefdhrten
225 3381 339 3438 Stellen.

124 3481 166 3532 22.
203 3478 255 3529 duo
271 3507 307 3516 —
325 3476 418 3543 lintea,
437 3477 485 3532 die
503 3491 533 3532 er
551 3475 612 3530 sich
630 3475 817 3531 vermuthlieh
834 3476 872 3529 im
890 3473 967 3530 Bada
984 3476 1063 3533 hatte
1081 3477 1190 3533 stehleu

58 3563 156 3620 lusson.
192 3562 257 3632 Vgl.
276 3564 355 3618 Mart
373 3562 431 3618 XII
450 3565 517 3629 10,1
543 3561 640 3626 (lintea
661 3559 747 3616 ferret
763 3561 843 3631 Apro
866 3562 962 3616 vatius
985 3578 1049 3616 eum
1072 3564 1190 3617 vernula

60 3654 155 3718 nuper)
183 3650 242 3703 und
272 3648 342 3705 [lber
371 3648 418 3704 die
445 3646 611 3716 Hdufiglreit
636 3648 686 3702 der
712 3647 880 3702 Diebstthle
907 3647 936 3701 in
963 3647 1074 3702 Bitdern
1104 3648 1187 3716 DIgg.

61 3734 165 3790 XLVII
178 3737 210 3785 11
229 3735 280 3795 [De
298 3733 408 3789 furlbus
425 3733 594 3797 balneariis).

124 3831 167 3880 24.
203 3826 334 3896 imeripta
360 3829 505 3898 erpastala,
533 3826 613 3881 nicht
638 3825 746 3881 kdhner
773 3827 815 3882 als
841 3825 1012 3895 locupletem
1035 3826 1189 3894 podagram

65 3913 101 3977 13,
113 3916 144 3965 96
162 3929 189 3967 u.
210 3913 265 3982 dgl.
286 3914 326 3968 Zu
345 3916 440 3981 2110.
476 3913 537 3968 liv.
550 3911 608 3967 VII
620 3915 673 3978 4,4
697 3913 728 3966 in
749 3928 821 3981 opus
838 3912 954 3979 servile,
973 3926 1062 3980 prope
1082 3913 1111 3965 in
1130 3929 1188 3967 car-

65 4012 149 4054 cerem
167 4006 253 4068 atque
271 4000 303 4054 in
320 3999 501 4069 ergastulum.

127 4087 205 4141 2511.
241 4084 305 4154 Vgl.
325 4085 398 4142 auch
416 4088 440 4151 6,
453 4085 598 4136 tea-241.

127 4171 234 4241 Lnrpcs
250 4187 304 4226 nur
321 4171 390 4227 hier.

128 4258 167 4308 28.
203 4255 308 4310 conada
324 4257 414 4312 matri.
451 4255 531 4313 ovid.
546 4255 581 4311 A.
595 4273 619 4311 a.
634 4256 738 4309 111621
759 4257 875 4311 consola
887 4272 950 4310 cum
962 4255 1054 4324 possit
1069 4255 1190 4324 scriptas

61 4345 172 4403 portare
188 4343 316 4401 tabellas.
