2888 4936
151 405 213 468 364
558 398 703 458 luvenalis
721 403 879 457 saturarum

237 573 373 640 Pontica
394 579 444 640 ter
466 573 544 639 victi
567 580 681 639 cautus
703 571 919 639 medicamina
942 573 1038 655 regis.

219 783 277 833 ool.
306 779 557 850 tarvicti—repia
588 778 765 836 Mithridates
783 780 879 835 wurde
898 795 955 835 vou
967 778 1056 846 Sulla,
1075 776 1216 834 Lucullus
1235 778 1296 833 und

150 866 301 937 Pompeius
323 868 441 937 besiegt.
481 867 574 924 [leber
596 867 643 922 die
666 882 721 921 von
746 865 802 920 ihm
828 865 1001 921 erfundenen
1025 865 1098 920 anob
1117 868 1157 932 14,
1171 867 1226 918 252
1252 882 1296 920 er·

150 952 282 1009 wihnteu
300 952 469 1024 Gegeugifte
487 955 558 1009 Plin.
577 954 610 1008 N.
624 953 648 1006 h.
662 951 746 1008 XXV
758 955 773 1004 6
787 969 812 1008 ιι.
826 953 923 1008 XXIX
936 956 969 1005 24
989 952 1207 1015 (Mithridatium
1220 953 1295 1007 auti·

151 1038 249 1093 dotum
267 1055 302 1094 ex
319 1040 403 1095 rebus
414 1038 479 1095 LIV
492 1040 686 1110 componitur).
712 1040 849 1110 Dagegen
861 1039 903 1094 Id.
916 1039 954 1095 lb.
968 1038 1069 1095 XXIII
1084 1040 1133 1091 149
1145 1037 1197 1094 (ln.
1212 1038 1294 1092 Pom-

99 1116 105 1125 “
152 1124 235 1192 peius
265 1125 376 1182 Invenit
405 1127 434 1180 in
464 1126 603 1194 peculiari
632 1127 832 1182 commentario
863 1125 953 1194 ipatus
985 1125 1174 1190 (Mithridatis)
1207 1140 1294 1178 mann

152 1211 387 1278 compositionem
406 1212 529 1267 antidoti
547 1229 598 1270 aua
617 1213 747 1282 wenigen
765 1211 914 1267 eiufaclreu
932 1211 1156 1281 Ingredieuaien.
1195 1210 1292 1266 Soron.

152 1294 290 1352 Sammon.
301 1299 468 1351 loce—toto
481 1297 628 1355 antidotus
640 1315 708 1355 vero
720 1297 816 1353 multis
828 1297 1004 1353 Mithridatia
1016 1297 1104 1354 fertur
1117 1297 1294 1352 (lonsociata

44 1403 50 1412 ·
151 1382 245 1448 malis,
271 1385 322 1439 sed
339 1385 450 1454 magnIs
468 1385 574 1440 accinta
591 1386 668 1455 regis
686 1385 756 1441 Cum
773 1390 886 1453 raperet
903 1384 1008 1451 victor,
1033 1385 1118 1440 rilem
1138 1383 1294 1454 deprendit

153 1467 183 1520 in
202 1467 259 1524 illia
278 1469 431 1540 Synthesin
449 1477 479 1527 et
495 1472 613 1541 vulgata
630 1473 701 1528 satis
718 1471 907 1526 medicamina
924 1471 990 1525 risit
1009 1469 1089 1539 (tolgt
1107 1471 1155 1525 die
1168 1468 1292 1539 Angabe

153 1553 202 1608 der
221 1557 236 1604 4
254 1555 299 1612 blo
318 1560 333 1607 5
352 1557 585 1626 Ingredienaieu).

460 4397 532 4440 Druck
545 4408 587 4440 ron
601 4397 720 4452 Brettkopt
728 4401 745 4442 t
753 4401 830 4445 Hirtal
843 4403 866 4444 in
876 4402 972 4456 sarpam.
