2888 4936
148 355 212 416 442
556 350 702 405 luvenalis
720 354 878 405 mimarum

232 522 275 588 ad
298 541 394 603 quem
416 522 565 604 pervenit
586 521 663 586 lecti
685 539 784 585 sonus
808 526 840 584 et
862 518 1015 584 dominae
1037 538 1112 584 vex.

233 632 388 698 instabile
411 650 450 697 ac
472 632 580 696 dirimi
603 638 752 714 coeptum
774 638 807 697 et
827 631 894 696 iam
916 649 1022 713 paene
1045 630 1190 695 solutum

171 751 210 807 80
235 744 420 827 coniugium
441 744 475 806 iu
497 743 607 808 multis
630 743 779 808 domibus
801 743 947 808 servavit
968 740 1106 806 adulter.

234 875 297 936 quo
319 862 353 920 te
375 853 600 938 circumagas?
625 873 709 936 quae
732 855 838 936 prima
860 861 916 919 aut
938 854 1054 919 ultima
1075 851 1208 935 ponas?

236 966 359 1030 nullum
382 984 460 1049 ergo
483 967 632 1031 meritum
654 972 713 1045 est,
737 965 865 1048 ingrate
888 983 927 1029 ac
949 963 1083 1047 perfide,
1108 963 1240 1042 nullum,

233 1077 319 1158 quod
341 1076 401 1142 tibi
423 1076 543 1141 filiolus
565 1076 619 1141 vel
640 1076 708 1141 filia
730 1077 874 1141 nascitur
896 1094 939 1141 ex
960 1074 1039 1139 me?

233 1188 322 1252 tollis
346 1188 431 1251 euim
455 1195 488 1253 et
507 1187 600 1253 libris
622 1194 767 1252 actorum
789 1204 943 1269 spargere
965 1184 1093 1269 gaudes

171 1306 210 1362 85
234 1306 429 1382 argumenta
451 1299 522 1364 viri.
568 1298 693 1363 foribus
715 1296 880 1380 suspende
902 1315 1054 1362 coronas:

235 1410 302 1473 iam
325 1417 485 1491 pateres,
510 1407 660 1474 dedimus
682 1409 767 1491 quod
790 1407 898 1474 famae
920 1425 1085 1490 opponere
1108 1406 1219 1490 possis.

235 1523 308 1585 iura
331 1521 475 1602 parentis
497 1520 610 1597 habes,
635 1526 765 1603 propter
787 1539 839 1585 me
861 1519 1013 1584 scriberis
1035 1517 1140 1597 heres,

234 1631 378 1715 legatum
401 1650 494 1695 omne
517 1632 607 1713 capis
630 1651 690 1696 uec
712 1651 777 1695 non
799 1639 832 1696 et
852 1630 947 1696 dulce
969 1629 1137 1695 caducum.

253 1779 312 1831 ies.
350 1777 450 1829 delebat
469 1776 591 1845 Piazpcr.

253 1864 293 1912 st.
329 1862 422 1917 titulis
452 1870 579 1918 actorum
609 1861 719 1915 Servius
754 1867 900 1916 auctorum
930 1858 960 1912 ia
986 1858 1107 1929 marpissa
1130 1859 1157 1912 P
1185 1871 1260 1909 mcum

147 1965 268 2015 pessima.

221 2068 282 2120 tls.
319 2065 395 2120 Serv.
408 2066 493 2135 Verg.
507 2065 539 2121 G.
553 2068 582 2120 ΙΙ
596 2068 646 2119 502
666 2067 754 2127 {tollis
771 2095 806 2104 —
823 2067 895 2128 viri).

220 2188 259 2237 78.
296 2185 358 2238 lecti
373 2203 459 2238 conca
502 2185 603 2240 Catull.
625 2188 683 2251 6,7
708 2186 877 2254 tremulique
901 2200 1005 2253 quassa
1028 2182 1097 2239 leeti
1120 2177 1258 2250 armatia-

154 2270 246 2326 Ueber
256 2270 302 2325 die
308 2269 531 2338 Wicderhelung
541 2271 688 2326 desselben
695 2271 808 2327 Wartes
819 2269 948 2331 (lectulus
961 2298 991 2307 -
1004 2269 1081 2332 lecti}
1093 2262 1257 2329 Emisit&

219 2355 346 2408 dominae.
384 2355 424 2409 ΖΠ
442 2359 466 2419 6,
480 2358 520 2408 30.

220 2442 260 2492 81.
297 2458 364 2509 quae
377 2440 471 2510 prima
494 2446 541 2494 aad
562 2441 657 2494 ultima
670 2441 776 2511 ponar?
811 2439 936 2496 ‘Welehe
949 2437 1065 2494 Grunde
1081 2437 1168 2492 willst
1182 2430 1258 2490 duab

151 2524 327 2580 wirksamete
341 2541 377 2579 an
390 2526 445 2580 den
457 2526 572 2595 Anfang
585 2528 653 2582 oder
671 2543 708 2581 an
720 2526 775 2581 den
788 2527 902 2583 Schlues
914 2519 1042 2580 setaeu‘?’
1072 2522 1151 2578 (iana
1162 2523 1197 2576 im
1206 2517 1258 2574 sm

151 2612 230 2665 einer
247 2610 320 2664 nach
332 2610 525 2665 rhetorischeu
537 2611 733 2668 Vorsehriften
745 2612 912 2680 gemachteu
923 2608 1130 2677 Einwendung.
1158 2602 1258 2661 vitlem

149 2695 310 2763 Erkliirung
327 2712 354 2763 p.
374 2697 406 2747 28
425 2697 502 2750 adm:
523 2696 585 2761 Quo
603 2699 638 2762 (i.
649 2713 672 2751 e.
693 2696 770 2766 quid)
789 2704 818 2751 te
836 2698 1012 2763 circumagas
1030 2697 1081 2748 aut
1099 2707 1171 2762 quae
1189 2688 1258 2758 prim

151 2779 251 2834 ultima
268 2780 377 2848 ponae?
397 2783 435 2836 ist
452 2781 497 2835 tiir
515 2783 566 2837 das
585 2783 685 2837 aweite
703 2782 848 2850 Sataglied
866 2782 950 2836 kaurn
968 2778 1100 2848 meglich.
1150 2836 1152 2840 ,

219 2869 259 2917 sl.
297 2866 370 2918 toute
388 2869 441 2921 wie
460 2870 537 2932 uas.

220 2951 298 3004 librale
316 2956 442 3004 actorum,
474 2953 507 3005 ln
526 2954 581 3007 den
600 2961 664 3009 acta
683 2954 784 3008 diurna
802 2953 919 3007 wurden
936 2948 1222 3018 Familienereiguiese
1238 2941 1257 2992 1¹¹

151 3034 466 3101 vomehmenlliiaeern‚
478 3039 654 3092 namentlich
664 3038 808 3093 Geburten
818 3038 976 3106 augeaeige
985 3035 1097 3090 Teuffel
1105 3026 1258 3090 aseriti-

218 3140 351 3191 perpere,
371 3124 407 3175 im
421 3123 572 3177 Publilium
590 3125 758 3178 verbreiten.
787 3123 854 3177 Tac.
868 3123 970 3176 Diali)
987 3136 1045 3176 voa
1064 3122 1129 3176 dem
1146 3117 1259 3174 accirer

150 3207 312 3276 Vorlesuug
329 3208 517 3264 eiuladeuden
536 3210 663 3264 Dichter:
684 3209 796 3264 libellos
816 3209 961 3276 dispergit

218 3295 259 3343 85.
288 3293 365 3360 forie
382 3295 510 3362 suspende
529 3313 646 3347 caratauc.
682 3295 722 3348 ΖΠ
741 3298 764 3355 6,
778 3296 818 3345 31.

220 3380 259 3428 57.
297 3378 358 3430 iura
380 3379 508 3446 pareatis
555 3380 621 3434 Tac.
639 3379 674 3433 A.
700 3379 796 3434 11128
827 3378 980 3446 privilegia
1009 3381 1166 3445 parentum.
1207 3368 1260 3426 Ptin·

150 3462 286 3531 Panegyr.
301 3464 333 3514 26
351 3463 509 3532 locupletes
528 3466 564 3519 ad
583 3465 723 3520 tollendos
741 3465 846 3519 liberos
865 3465 994 3532 iugentia
1012 3463 1140 3532 praemia
1157 3468 1185 3517 et
1198 3461 1262 3526 parti

150 3562 259 3616 poenae
277 3548 467 3605 adhortantur.

220 3636 330 3686 tei-90.
371 3634 463 3690 Ueber
486 3636 534 3689 die
556 3637 762 3705 Bevoraugung
786 3637 834 3690 der
856 3633 1092 3689 Verheirathetea
1117 3628 1264 3688 crevier

151 3734 202 3772 ver
221 3719 276 3773 den
294 3720 365 3773 Ehe·
383 3721 441 3774 und
453 3720 643 3777 Kinderlosen
661 3723 700 3776 im
712 3722 849 3777 Erbrecht
863 3719 954 3775 durch
972 3720 1019 3774 lex
1031 3718 1109 3775 Iulla
1126 3718 1182 3774 und
1192 3706 1265 3779 Papia

150 3802 285 3871 Poppaea
301 3820 337 3858 au
357 3809 378 3869 1,
391 3810 431 3857 55.
456 3807 514 3861 Der
525 3808 645 3862 Ehcloee
664 3807 770 3862 keunte
789 3808 882 3861 weder
893 3803 1081 3860 Erbschaften
1092 3805 1166 3859 noch
1177 3797 1265 3868 Legata

150 3894 286 3953 antretem
304 3905 403 3945 ausser
420 3907 501 3947 wenn
520 3894 569 3948 der
581 3894 713 3949 Testatur
730 3909 801 3961 gana
819 3892 891 3945 nahe
909 3893 961 3945 mit
979 3891 1036 3945 ihm
1055 3889 1198 3945 vermandt
1211 3889 1264 3935 W·

152 3974 274 4029 scudem
293 3976 394 4032 erhielt
410 3993 461 4046 gar
478 3979 578 4039 nichts.
598 3979 648 4034 der
660 3978 865 4033 verheiratlrete
877 3975 1048 4031 Kinderlose
1060 3991 1114 4031 nur
1131 3975 1176 4029 die
1186 3961 1264 4026 lliilfte

151 4058 200 4113 dee
218 4060 275 4114 ihm
292 4060 488 4119 Vermaehten.

220 4148 260 4198 88.
297 4149 431 4201 caducam.
468 4149 536 4204 Was
559 4150 651 4204 einem
669 4149 808 4203 Eheleseu
832 4147 977 4202 vermaeht
1000 4162 1073 4211 war,
1096 4145 1143 4201 fiel
1163 4159 1193 4199 eo
1212 4139 1262 4205 19⁶⁰

153 4244 189 4282 an
207 4230 253 4286 die
273 4234 302 4287 iu
321 4234 483 4289 demselbeu
494 4234 659 4290 Testameut
675 4234 834 4289 bedachten
847 4233 942 4287 Viiter.
974 4230 1064 4287 Gaius
1082 4226 1208 4286 Institll
1222 4214 1262 4271 ‘2⁰⁶

152 4320 217 4383 poet
234 4317 325 4386 legem
344 4336 411 4374 vero
423 4320 541 4387 Papiam
559 4318 719 4374 deficientis
733 4320 800 4381 (dir.
815 4318 916 4375 deseca
929 4317 979 4373 der
992 4317 1022 4372 iu
1035 4314 1158 4386 Wegfall
1168 4303 1260 4367 komffll'
