2896 4944
274 408 336 471 478
682 400 828 456 Iuvenalis
845 405 1003 455 saturarum

363 573 512 640 attendas
536 579 691 656 quantum
714 571 755 637 de
776 573 904 655 legibus
926 573 998 654 ipse
1020 577 1176 654 queratur

360 688 499 753 fatorum
523 691 555 750 et
577 686 677 749 nimio
700 683 742 749 de
765 686 914 765 stamine,
938 702 1011 749 cum
1033 683 1124 749 videt
1145 685 1233 749 acris

361 797 526 864 Antilochi
547 797 683 885 barbam
705 795 883 876 ardentem,
908 813 979 860 cum
1004 795 1132 876 quaerit
1153 795 1195 860 ab
1220 797 1307 860 omni

361 910 508 993 quisquis
531 908 626 973 adest
649 908 763 988 socius,
788 926 846 972 cur
868 906 951 971 haec
973 906 1007 970 in
1029 914 1177 989 tempora
1200 904 1304 986 duret,

277 1030 336 1085 255
363 1022 449 1103 quod
472 1020 600 1085 facInu's
622 1019 757 1101 dIgnum
780 1025 846 1083 tam
868 1018 965 1101 longo
988 1017 1158 1083 admiserit
1180 1037 1273 1084 aevo.

363 1133 445 1198 haec
467 1132 581 1198 eadem
603 1132 721 1196 Peleus
744 1138 872 1214 raptum
895 1149 967 1195 curn
990 1130 1081 1213 luget
1101 1129 1264 1211 Achillen,

363 1252 461 1325 atque
484 1243 569 1308 alius
592 1243 643 1308 cui
667 1242 717 1307 fas
740 1242 887 1308 Ithacum
909 1243 1023 1325 lugere
1045 1247 1222 1307 natantem.

363 1356 514 1421 incolumi
538 1355 637 1419 Troia
658 1356 809 1419 Priamus
831 1354 977 1419 venIsset
1000 1351 1042 1417 ad
1065 1353 1197 1418 umbras

363 1467 515 1532 Assaraci
538 1467 667 1550 magnis
689 1465 900 1531 sollemnibus
921 1464 1061 1530 Hectore
1083 1463 1183 1529 funus

280 1585 340 1642 260
364 1585 514 1662 portante
537 1598 575 1643 ac
596 1578 732 1660 reliquIs
756 1576 890 1642 fratrum
914 1575 1095 1641 cersdcibus
1116 1577 1204 1640 inter

364 1689 505 1754 Iliadum
527 1689 687 1768 lacrimas,
712 1695 748 1752 ut
771 1688 892 1771 primos
915 1686 1014 1752 edere
1035 1687 1187 1771 planctus

365 1799 551 1866 Cassandra
573 1801 730 1883 inciperet
752 1799 920 1880 scissaque
942 1798 1112 1881 Polyxena
1134 1796 1234 1881 palla,

367 1913 394 1977 si
417 1913 500 1976 foret
522 1912 683 1976 extinctus
706 1909 835 1975 diuerso
857 1916 1010 1992 ternpore,
1035 1928 1097 1991 qno
1120 1928 1186 1974 non

282 2052 483 2061 ———

385 2120 476 2172 25811.
514 2116 571 2170 (lic.
584 2115 668 2170 Tuso.
682 2115 696 2168 I
710 2117 741 2167 85
760 2120 856 2170 unten.
892 2114 977 2183 Verg.
990 2112 1025 2169 A.
1039 2113 1081 2168 Vl
1093 2115 1145 2166 lor
1163 2113 1252 2169 Erebi
1272 2112 1408 2168 descendit

281 2203 318 2258 ad
336 2203 456 2258 umbras.

350 2392 407 2442 255.
445 2389 522 2444 Serv.
535 2389 620 2457 Verg.
634 2388 668 2443 I.
684 2391 796 2443 111191.

351 2581 408 2629 251.
444 2578 520 2632 alim.
559 2580 598 2632 su
619 2581 695 2642 1,10.

343 2667 395 2734 sas
414 2664 505 2719 soviel
518 2665 558 2718 als
572 2664 667 2718 latum.
686 2661 1075 2718 MeinsrtzVindicIuvenal.
1089 2664 1164 2731 p.22.
1184 2658 1334 2730 Vergilii.
1345 2661 1356 2713 I
1366 2661 1408 2709 201

281 2749 342 2802 11110
364 2748 406 2804 fas
430 2765 515 2818 regna
541 2765 686 2818 resurgere
711 2747 990 2804 morienilum
1014 2754 1175 2803 menatem
1197 2747 1270 2802 nulli
1295 2752 1408 2803 veterum
1442 2758 1444 2769 ·

281 2835 390 2890 sociare
403 2851 553 2903 procorum
571 2837 625 2889 Fas
645 2842 712 2901 erat,
732 2836 818 2903 idque
831 2851 929 2890 omnes
942 2835 1059 2902 dlviqne
1071 2834 1258 2902 hominesque
1272 2832 1407 2888 canebant.

280 2920 355 2975 Pers.
373 2924 393 2981 l,
408 2923 436 2971 61
459 2938 510 2975 vos
524 2937 540 2974 o
553 2923 692 2989 patricius
707 2922 831 2989 sanguis,
851 2937 922 2990 quos
941 2921 1038 2975 ulvere
1056 2918 1099 2973 fas
1118 2923 1163 2973 est
1181 2918 1307 2987 Occipiti
1326 2932 1408 2973 caeco.

351 3008 475 3058 Iliacum
499 3007 554 3060 wie
579 3009 686 3071 11251
711 3007 769 3061 und
796 3009 835 3073 15,
849 3008 889 3058 26.
926 3007 964 3060 Zn
985 3007 1080 3072 2,106.
1107 3003 1286 3073 Verg.A.II
1302 3006 1347 3056 1114
1364 3003 1408 3056 hoc

281 3091 397 3146 Ithacus
415 3092 492 3146 velit.
512 3094 618 3160 Propl
639 3096 678 3157 15,
692 3097 707 3144 b
727 3093 818 3146 Ithaci
837 3092 967 3161 digressu
985 3098 1062 3146 mota
1080 3089 1213 3159 Calypso.

352 3180 495 3228 258-271.
532 3178 601 3231 Hier
619 3178 760 3233 schwobte
779 3177 902 3233 Juvenal
925 3179 972 3232 die
991 3175 1077 3232 Stelle
1095 3174 1155 3230 Cic.
1172 3174 1287 3231 Tuscl
1306 3178 1337 3227 85
1354 3188 1408 3227 vor:

280 3262 423 3316 Metellum
442 3264 517 3316 enirn
535 3263 616 3316 multi
636 3262 687 3316 filii
706 3262 789 3329 filiae,
808 3271 927 3332 nepotes
945 3271 1045 3332 neptes
1062 3262 1093 3315 in
1111 3276 1214 3330 rogum
1226 3263 1410 3330 inposuerunt,

281 3348 422 3401 Priamum
441 3354 521 3402 tanta
538 3350 675 3417 progenie
694 3351 830 3411 orbatum,
854 3366 917 3404 cum
937 3351 966 3402 ln
989 3365 1065 3403 uram
1090 3345 1284 3415 confugisset,
1310 3344 1411 3400 hostilis

281 3449 380 3487 manus
400 3434 548 3489 iutersmit.
567 3435 614 3488 hic
633 3436 657 3490 si
680 3436 754 3489 vIvIs
776 3434 843 3489 filiis
862 3435 996 3489 incolumi
1013 3449 1100 3502 regno
1112 3433 1272 3487 occidisset
1284 3461 1318 3470 -
1330 3438 1412 3486 utrum

281 3520 396 3573 tandem
418 3519 540 3575 abonis
563 3537 599 3573 an
622 3538 639 3574 a
662 3521 744 3576 malis
766 3521 966 3576 discessisset?
995 3526 1055 3575 tum
1082 3518 1212 3588 profecto
1237 3518 1414 3573 videretura

281 3605 371 3659 bonis.
396 3614 426 3660 at
444 3613 520 3661 certe
539 3608 565 3661 oi
584 3607 685 3661 melius
704 3607 847 3662 euenisset
864 3622 916 3661 nec
935 3615 993 3661 tam
1011 3604 1144 3660 flebiliter
1162 3603 1215 3658 illa
1239 3610 1413 3658 canerentur:

282 3691 361 3745 ‘haec
386 3693 481 3745 omnia
502 3693 562 3746 vidi
588 3693 762 3760 inflammari,
789 3694 901 3747 Priamo
924 3693 953 3746 vi
976 3692 1065 3747 vitum
1092 3690 1210 3753 evitari,
1238 3690 1321 3745 Ioula
1348 3702 1414 3742 aram

283 3777 422 3845 sanguine
449 3774 573 3846 turpari’.
611 3780 734 3847 quodsi
758 3786 823 3834 ante
847 3779 1015 3841 occidisset,
1040 3776 1126 3831 talem
1150 3780 1286 3830 eventurn
1310 3774 1416 3831 omnino

282 3863 435 3917 amisisset:
455 3864 509 3918 hoc
528 3870 621 3920 autem
640 3872 766 3932 tempore
785 3880 898 3920 sensum
916 3863 1011 3918 amisit
1028 3862 1173 3916 malornm.

352 3951 409 4000 259.
448 3952 607 4016 Assaracon,
626 3950 703 4005 Sohn
722 3951 772 4005 (101
790 3949 869 4016 Tros,
888 3950 997 4003 Brudsr
1015 3949 1066 4002 des
1084 3947 1151 4013 Ilos,
1170 3946 1223 4002 des
1240 3945 1417 4002 Groasraters

283 4035 333 4088 (les
352 4034 486 4089 Priamus.
521 4036 580 4089 Der
598 4035 668 4090 Sino
687 4038 738 4092 ist:
757 4036 809 4091 mit
827 4037 906 4091 siuet
923 4032 1108 4089 Todtsnfeisr
1125 4033 1180 4087 wie
1199 4032 1251 4087 der
1268 4032 1321 4087 des
1338 4029 1418 4086 Assa·

282 4135 373 4175 racus.

345 4210 438 4277 sortus
457 4209 593 4261 Portante.
629 4210 726 4264 Funus
749 4208 867 4274 Leiche,
885 4207 940 4262 wie
964 4206 1046 4274 Prop.
1065 4204 1079 4259 I
1100 4206 1140 4270 ll,
1157 4205 1172 4255 8
1189 4201 1314 4258 haeclne
1338 4215 1420 4271 parts

283 4307 374 4345 meum
391 4292 476 4349 funus
494 4310 580 4350 arens
601 4298 701 4365 teget?
731 4294 815 4364 Vcrg.
829 4293 863 4350 Δ.
878 4294 920 4348 IX
934 4294 982 4344 491
1008 4289 1093 4346 fnnns
1114 4290 1249 4346 lacerum.
1286 4289 1369 4359 Prop.
1381 4283 1419 4340 Il'

284 4381 324 4443 (VT
347 4381 385 4444 11,
400 4381 414 4430 3
434 4396 497 4435 cum
516 4383 602 4437 semel
620 4380 745 4437 Infernas
764 4382 906 4436 intrarunt
923 4377 1023 4433 funera
1040 4376 1127 4447 leges.
