<?xml version="1.0" encoding="UTF-8"?>
<!DOCTYPE html PUBLIC "-//W3C//DTD XHTML 1.0 Transitional//EN"
    "http://www.w3.org/TR/xhtml1/DTD/xhtml1-transitional.dtd">
<html xmlns="http://www.w3.org/1999/xhtml" xml:lang="en" lang="en">
 <head>
  <title>
</title>
<meta http-equiv="Content-Type" content="text/html;charset=utf-8" />
  <meta name='ocr-system' content='tesseract 3.04.00' />
  <meta name='ocr-capabilities' content='ocr_page ocr_carea ocr_par ocr_line ocrx_word'/>
</head>
<body>
  <div class='ocr_page' id='page_1' title='image "./djuniijuvenalis03juvegoog_0288.png"; bbox 0 0 2888 4936; ppageno 0'>
   <div class='ocr_carea' id='block_1_1' title="bbox 436 385 840 455">
    <p class='ocr_par' dir='ltr' id='par_1_1' title="bbox 436 385 840 455">
     <span class='ocr_line' id='line_1_1' title="bbox 436 385 840 455; baseline -0.005 -15"><span class='ocrx_word' id='word_1_1' title='bbox 436 386 520 442; x_wconf 79' lang='lat' dir='ltr'><strong>Liber</strong></span> <span class='ocrx_word' id='word_1_2' title='bbox 537 386 650 455; x_wconf 84' lang='lat' dir='ltr'><strong>primas.</strong></span> <span class='ocrx_word' id='word_1_3' title='bbox 687 385 789 442; x_wconf 84' lang='lat' dir='ltr'><strong>Satura</strong></span> <span class='ocrx_word' id='word_1_4' title='bbox 806 385 840 439; x_wconf 91' lang='lat' dir='ltr'><strong>V.</strong></span> 
     </span>
    </p>
   </div>
   <div class='ocr_carea' id='block_1_2' title="bbox 65 552 1093 1426">
    <p class='ocr_par' dir='ltr' id='par_1_2' title="bbox 158 552 1093 979">
     <span class='ocr_line' id='line_1_2' title="bbox 159 552 1070 641; baseline -0.001 -21"><span class='ocrx_word' id='word_1_5' title='bbox 159 576 235 639; x_wconf 81' lang='lat' dir='ltr'><strong>spes</strong></span> <span class='ocrx_word' id='word_1_6' title='bbox 258 556 343 623; x_wconf 83' lang='lat' dir='ltr'>bene</span> <span class='ocrx_word' id='word_1_7' title='bbox 367 558 506 623; x_wconf 78' lang='lat' dir='ltr'><strong>cenandi</strong></span> <span class='ocrx_word' id='word_1_8' title='bbox 528 576 586 622; x_wconf 84' lang='lat' dir='ltr'><strong>vas</strong></span> <span class='ocrx_word' id='word_1_9' title='bbox 609 557 738 641; x_wconf 78' lang='lat' dir='ltr'><strong>decipit.</strong></span> <span class='ocrx_word' id='word_1_10' title='bbox 783 552 871 624; x_wconf 77' lang='lat' dir='ltr'><strong>‘seca</strong></span> <span class='ocrx_word' id='word_1_11' title='bbox 894 557 985 622; x_wconf 89' lang='lat' dir='ltr'><strong>dabit</strong></span> <span class='ocrx_word' id='word_1_12' title='bbox 1006 556 1070 621; x_wconf 86' lang='lat' dir='ltr'><strong>iam</strong></span> 
     </span>
     <span class='ocr_line' id='line_1_3' title="bbox 159 670 1093 753; baseline 0 -21"><span class='ocrx_word' id='word_1_13' title='bbox 159 688 320 735; x_wconf 82' lang='lat' dir='ltr'><strong>semesum</strong></span> <span class='ocrx_word' id='word_1_14' title='bbox 344 670 485 753; x_wconf 81' lang='lat' dir='ltr'><strong>leporem</strong></span> <span class='ocrx_word' id='word_1_15' title='bbox 508 678 606 752; x_wconf 83' lang='lat' dir='ltr'><strong>atque</strong></span> <span class='ocrx_word' id='word_1_16' title='bbox 629 671 755 751; x_wconf 81' lang='lat' dir='ltr'><strong>aliquid</strong></span> <span class='ocrx_word' id='word_1_17' title='bbox 777 670 818 735; x_wconf 84' lang='lat' dir='ltr'><strong>(le</strong></span> <span class='ocrx_word' id='word_1_18' title='bbox 841 670 990 735; x_wconf 79' lang='lat' dir='ltr'>clunibus</span> <span class='ocrx_word' id='word_1_19' title='bbox 1013 670 1093 751; x_wconf 73' lang='lat' dir='ltr'><strong>apri,</strong></span> 
     </span>
     <span class='ocr_line' id='line_1_4' title="bbox 160 774 1034 865; baseline -0.001 -20"><span class='ocrx_word' id='word_1_20' title='bbox 160 781 204 845; x_wconf 87' lang='lat' dir='ltr'><strong>ad</strong></span> <span class='ocrx_word' id='word_1_21' title='bbox 226 800 287 846; x_wconf 86' lang='lat' dir='ltr'><strong>nos</strong></span> <span class='ocrx_word' id='word_1_22' title='bbox 309 784 374 847; x_wconf 89' lang='lat' dir='ltr'><strong>iam</strong></span> <span class='ocrx_word' id='word_1_23' title='bbox 397 784 507 848; x_wconf 81' lang='lat' dir='ltr'><strong>veniet</strong></span> <span class='ocrx_word' id='word_1_24' title='bbox 528 784 632 847; x_wconf 87' lang='lat' dir='ltr'><strong>minor</strong></span> <span class='ocrx_word' id='word_1_25' title='bbox 655 774 777 848; x_wconf 74' lang='lat' dir='ltr'><strong>altilis.³</strong></span> <span class='ocrx_word' id='word_1_26' title='bbox 821 781 898 847; x_wconf 81' lang='lat' dir='ltr'><strong>inde</strong></span> <span class='ocrx_word' id='word_1_27' title='bbox 921 788 1034 865; x_wconf 79' lang='lat' dir='ltr'><strong>parato</strong></span> 
     </span>
     <span class='ocr_line' id='line_1_5' title="bbox 158 893 920 979; baseline 0 -21"><span class='ocrx_word' id='word_1_28' title='bbox 158 893 345 978; x_wconf 82' lang='lat' dir='ltr'><strong>intactoque</strong></span> <span class='ocrx_word' id='word_1_29' title='bbox 367 914 478 960; x_wconf 85' lang='lat' dir='ltr'><strong>omnes</strong></span> <span class='ocrx_word' id='word_1_30' title='bbox 502 901 534 960; x_wconf 87' lang='lat' dir='ltr'><strong>et</strong></span> <span class='ocrx_word' id='word_1_31' title='bbox 556 896 666 961; x_wconf 75' lang='lat' dir='ltr'><strong>stticto</strong></span> <span class='ocrx_word' id='word_1_32' title='bbox 689 915 773 979; x_wconf 81' lang='lat' dir='ltr'><strong>pane</strong></span> <span class='ocrx_word' id='word_1_33' title='bbox 795 894 920 960; x_wconf 80' lang='lat' dir='ltr'><strong>tacetis.</strong></span> 
     </span>
    </p>

    <p class='ocr_par' dir='ltr' id='par_1_3' title="bbox 65 1006 1013 1426">
     <span class='ocr_line' id='line_1_6' title="bbox 65 1006 923 1090; baseline 0.007 -25"><span class='ocrx_word' id='word_1_34' title='bbox 65 1012 135 1067; x_wconf 81' lang='lat'><strong>170</strong></span> <span class='ocrx_word' id='word_1_35' title='bbox 160 1006 217 1070; x_wconf 87' lang='lat' dir='ltr'><strong>ille</strong></span> <span class='ocrx_word' id='word_1_36' title='bbox 240 1007 327 1090; x_wconf 85' lang='lat' dir='ltr'><strong>sapit</strong></span> <span class='ocrx_word' id='word_1_37' title='bbox 349 1007 404 1090; x_wconf 88' lang='lat' dir='ltr'><strong>qui</strong></span> <span class='ocrx_word' id='word_1_38' title='bbox 426 1014 459 1072; x_wconf 86' lang='lat' dir='ltr'><strong>te</strong></span> <span class='ocrx_word' id='word_1_39' title='bbox 482 1008 530 1072; x_wconf 79' lang='lat' dir='ltr'><strong>sic</strong></span> <span class='ocrx_word' id='word_1_40' title='bbox 553 1008 661 1072; x_wconf 88' lang='lat' dir='ltr'><strong>utitur.</strong></span> <span class='ocrx_word' id='word_1_41' title='bbox 707 1008 815 1072; x_wconf 87' lang='lat' dir='ltr'><strong>omnia</strong></span> <span class='ocrx_word' id='word_1_42' title='bbox 838 1006 923 1071; x_wconf 79' lang='lat' dir='ltr'>ferre</span> 
     </span>
     <span class='ocr_line' id='line_1_7' title="bbox 161 1117 986 1202; baseline -0.001 -20"><span class='ocrx_word' id='word_1_43' title='bbox 161 1117 189 1182; x_wconf 88' lang='lat' dir='ltr'><strong>si</strong></span> <span class='ocrx_word' id='word_1_44' title='bbox 212 1125 313 1201; x_wconf 82' lang='lat' dir='ltr'><strong>potes,</strong></span> <span class='ocrx_word' id='word_1_45' title='bbox 339 1126 371 1184; x_wconf 80' lang='lat' dir='ltr'><strong>et</strong></span> <span class='ocrx_word' id='word_1_46' title='bbox 394 1118 504 1185; x_wconf 79' lang='lat' dir='ltr'><strong>debes.</strong></span> <span class='ocrx_word' id='word_1_47' title='bbox 550 1117 745 1202; x_wconf 86' lang='lat' dir='ltr'><strong>pulsandum</strong></span> <span class='ocrx_word' id='word_1_48' title='bbox 768 1120 890 1185; x_wconf 78' lang='lat' dir='ltr'><strong>vertice</strong></span> <span class='ocrx_word' id='word_1_49' title='bbox 913 1138 986 1183; x_wconf 82' lang='lat' dir='ltr'><strong>raso</strong></span> 
     </span>
     <span class='ocr_line' id='line_1_8' title="bbox 160 1229 1013 1314; baseline 0 -21"><span class='ocrx_word' id='word_1_50' title='bbox 160 1230 334 1312; x_wconf 78' lang='lat' dir='ltr'><strong>praebebis</strong></span> <span class='ocrx_word' id='word_1_51' title='bbox 357 1230 551 1313; x_wconf 77' lang='lat' dir='ltr'><strong>quandoque</strong></span> <span class='ocrx_word' id='word_1_52' title='bbox 575 1238 673 1314; x_wconf 80' lang='lat' dir='ltr'><strong>caput</strong></span> <span class='ocrx_word' id='word_1_53' title='bbox 696 1250 756 1296; x_wconf 80' lang='lat' dir='ltr'><strong>nec</strong></span> <span class='ocrx_word' id='word_1_54' title='bbox 779 1229 862 1295; x_wconf 81' lang='lat' dir='ltr'><strong>dura</strong></span> <span class='ocrx_word' id='word_1_55' title='bbox 883 1229 1013 1296; x_wconf 84' lang='lat' dir='ltr'><strong>timebis</strong></span> 
     </span>
     <span class='ocr_line' id='line_1_9' title="bbox 160 1340 985 1426; baseline 0.001 -21"><span class='ocrx_word' id='word_1_56' title='bbox 160 1340 265 1426; x_wconf 81' lang='lat' dir='ltr'><strong>flagra</strong></span> <span class='ocrx_word' id='word_1_57' title='bbox 287 1343 365 1425; x_wconf 87' lang='lat' dir='ltr'><strong>pati,</strong></span> <span class='ocrx_word' id='word_1_58' title='bbox 390 1342 440 1408; x_wconf 88' lang='lat' dir='ltr'><strong>his</strong></span> <span class='ocrx_word' id='word_1_59' title='bbox 464 1343 570 1426; x_wconf 79' lang='lat' dir='ltr'><strong>epulis</strong></span> <span class='ocrx_word' id='word_1_60' title='bbox 594 1350 627 1408; x_wconf 85' lang='lat' dir='ltr'><strong>et</strong></span> <span class='ocrx_word' id='word_1_61' title='bbox 649 1343 707 1408; x_wconf 88' lang='lat' dir='ltr'><strong>tali</strong></span> <span class='ocrx_word' id='word_1_62' title='bbox 730 1342 848 1426; x_wconf 86' lang='lat' dir='ltr'><strong>dignus</strong></span> <span class='ocrx_word' id='word_1_63' title='bbox 871 1344 985 1408; x_wconf 78' lang='lat' dir='ltr'><strong>amito.</strong></span> 
     </span>
    </p>
   </div>
   <div class='ocr_carea' id='block_1_3' title="bbox 179 1496 1147 1568">
    <p class='ocr_par' dir='ltr' id='par_1_4' title="bbox 179 1496 1147 1568">
     <span class='ocr_line' id='line_1_10' title="bbox 179 1496 1147 1568; baseline 0.001 -21"><span class='ocrx_word' id='word_1_64' title='bbox 179 1498 236 1549; x_wconf 84' lang='grc'><strong>169.</strong></span> <span class='ocrx_word' id='word_1_65' title='bbox 273 1498 374 1554; x_wconf 79' lang='lat' dir='ltr'><strong>iacotis</strong></span> <span class='ocrx_word' id='word_1_66' title='bbox 393 1499 420 1551; x_wconf 89' lang='lat' dir='ltr'><em>P</em></span> <span class='ocrx_word' id='word_1_67' title='bbox 428 1501 552 1568; x_wconf 71' lang='lat' dir='ltr'><strong>sortasse</strong></span> <span class='ocrx_word' id='word_1_68' title='bbox 569 1501 639 1551; x_wconf 70' lang='lat' dir='ltr'><strong>recte</strong></span> <span class='ocrx_word' id='word_1_69' title='bbox 656 1498 741 1557; x_wconf 78' lang='lat' dir='ltr'><em>(Beer</em></span> <span class='ocrx_word' id='word_1_70' title='bbox 754 1514 785 1567; x_wconf 78' lang='lat' dir='ltr'><strong>p.</strong></span> <span class='ocrx_word' id='word_1_71' title='bbox 798 1501 843 1557; x_wconf 77' lang='lat'><strong>⁶7)</strong></span> <span class='ocrx_word' id='word_1_72' title='bbox 863 1497 909 1551; x_wconf 78' lang='lat' dir='ltr'><strong>vol</strong></span> <span class='ocrx_word' id='word_1_73' title='bbox 928 1496 1031 1553; x_wconf 83' lang='lat' dir='ltr'><strong>tacetis</strong></span> <span class='ocrx_word' id='word_1_74' title='bbox 1048 1514 1147 1566; x_wconf 72' lang='lat' dir='ltr'><strong>marqo.</strong></span> 
     </span>
    </p>
   </div>
   <div class='ocr_carea' id='block_1_4' title="bbox 59 1634 1206 2049">
    <p class='ocr_par' dir='ltr' id='par_1_5' title="bbox 59 1634 1206 1864">
     <span class='ocr_line' id='line_1_11' title="bbox 145 1634 1206 1704; baseline 0.004 -20"><span class='ocrx_word' id='word_1_75' title='bbox 145 1636 201 1686; x_wconf 76' lang='lat' dir='ltr'><strong>tttt.</strong></span> <span class='ocrx_word' id='word_1_76' title='bbox 223 1636 279 1686; x_wconf 77' lang='grc'>169.</span> <span class='ocrx_word' id='word_1_77' title='bbox 316 1636 349 1689; x_wconf 89' lang='lat' dir='ltr'><strong>In</strong></span> <span class='ocrx_word' id='word_1_78' title='bbox 367 1635 417 1690; x_wconf 82' lang='lat' dir='ltr'><strong>tier</strong></span> <span class='ocrx_word' id='word_1_79' title='bbox 427 1636 596 1704; x_wconf 85' lang='lat' dir='ltr'><strong>Erwartung</strong></span> <span class='ocrx_word' id='word_1_80' title='bbox 614 1636 664 1690; x_wconf 80' lang='lat' dir='ltr'><strong>des</strong></span> <span class='ocrx_word' id='word_1_81' title='bbox 676 1636 795 1690; x_wconf 84' lang='lat' dir='ltr'><strong>Bratsns</strong></span> <span class='ocrx_word' id='word_1_82' title='bbox 807 1635 904 1690; x_wconf 84' lang='lat' dir='ltr'><strong>haltsn</strong></span> <span class='ocrx_word' id='word_1_83' title='bbox 916 1636 958 1690; x_wconf 87' lang='lat' dir='ltr'><strong>sis</strong></span> <span class='ocrx_word' id='word_1_84' title='bbox 972 1635 1022 1689; x_wconf 87' lang='lat' dir='ltr'><strong>das</strong></span> <span class='ocrx_word' id='word_1_85' title='bbox 1034 1634 1206 1690; x_wconf 80' lang='lat' dir='ltr'><strong>unbertthrta</strong></span> 
     </span>
     <span class='ocr_line' id='line_1_12' title="bbox 59 1718 1204 1790; baseline -0.003 -15"><span class='ocrx_word' id='word_1_86' title='bbox 59 1722 141 1775; x_wconf 87' lang='lat' dir='ltr'><strong>Brot</strong></span> <span class='ocrx_word' id='word_1_87' title='bbox 165 1720 268 1785; x_wconf 71' lang='lat' dir='ltr'><strong>heroii,</strong></span> <span class='ocrx_word' id='word_1_88' title='bbox 292 1721 345 1777; x_wconf 84' lang='lat' dir='ltr'><strong>wie</strong></span> <span class='ocrx_word' id='word_1_89' title='bbox 369 1721 419 1776; x_wconf 76' lang='lat' dir='ltr'><strong>dar</strong></span> <span class='ocrx_word' id='word_1_90' title='bbox 438 1721 538 1776; x_wconf 85' lang='lat' dir='ltr'><strong>Soldat</strong></span> <span class='ocrx_word' id='word_1_91' title='bbox 555 1722 606 1776; x_wconf 87' lang='lat' dir='ltr'><strong>das</strong></span> <span class='ocrx_word' id='word_1_92' title='bbox 624 1736 767 1790; x_wconf 79' lang='lat' dir='ltr'><strong>geaogsna</strong></span> <span class='ocrx_word' id='word_1_93' title='bbox 786 1720 911 1777; x_wconf 80' lang='lat' dir='ltr'><strong>Schwert</strong></span> <span class='ocrx_word' id='word_1_94' title='bbox 928 1737 990 1775; x_wconf 86' lang='lat' dir='ltr'><strong>amn</strong></span> <span class='ocrx_word' id='word_1_95' title='bbox 1008 1718 1118 1789; x_wconf 82' lang='lat' dir='ltr'><strong>Kampi.</strong></span> <span class='ocrx_word' id='word_1_96' title='bbox 1155 1718 1204 1773; x_wconf 90' lang='lat' dir='ltr'><strong>Ov.</strong></span> 
     </span>
     <span class='ocr_line' id='line_1_13' title="bbox 59 1806 889 1864; baseline -0.002 -3"><span class='ocrx_word' id='word_1_97' title='bbox 59 1808 132 1861; x_wconf 83' lang='lat' dir='ltr'><strong>Am.</strong></span> <span class='ocrx_word' id='word_1_98' title='bbox 149 1807 201 1861; x_wconf 74' lang='lat'><strong>16.</strong></span> <span class='ocrx_word' id='word_1_99' title='bbox 217 1810 247 1859; x_wconf 82' lang='lat'><strong>14</strong></span> <span class='ocrx_word' id='word_1_100' title='bbox 265 1825 323 1864; x_wconf 85' lang='lat' dir='ltr'><strong>non</strong></span> <span class='ocrx_word' id='word_1_101' title='bbox 340 1807 426 1862; x_wconf 81' lang='lat' dir='ltr'><strong>timeo</strong></span> <span class='ocrx_word' id='word_1_102' title='bbox 446 1808 561 1862; x_wconf 80' lang='lat' dir='ltr'><strong>strictas</strong></span> <span class='ocrx_word' id='word_1_103' title='bbox 579 1808 609 1862; x_wconf 87' lang='lat' dir='ltr'><strong>in</strong></span> <span class='ocrx_word' id='word_1_104' title='bbox 627 1824 688 1863; x_wconf 86' lang='lat' dir='ltr'><strong>msa</strong></span> <span class='ocrx_word' id='word_1_105' title='bbox 706 1806 766 1861; x_wconf 85' lang='lat' dir='ltr'><strong>iata</strong></span> <span class='ocrx_word' id='word_1_106' title='bbox 783 1822 889 1862; x_wconf 84' lang='lat' dir='ltr'><strong>manus.</strong></span> 
     </span>
    </p>

    <p class='ocr_par' dir='ltr' id='par_1_6' title="bbox 59 1891 1205 2049">
     <span class='ocr_line' id='line_1_14' title="bbox 145 1891 1205 1964; baseline 0.002 -21"><span class='ocrx_word' id='word_1_107' title='bbox 145 1896 201 1945; x_wconf 82' lang='lat' dir='ltr'><strong>til.</strong></span> <span class='ocrx_word' id='word_1_108' title='bbox 217 1896 272 1946; x_wconf 78' lang='lat'><strong>172.</strong></span> <span class='ocrx_word' id='word_1_109' title='bbox 292 1894 455 1964; x_wconf 70' lang='lat' dir='ltr'><strong>pulsandum</strong></span> <span class='ocrx_word' id='word_1_110' title='bbox 466 1893 563 1947; x_wconf 77' lang='lat' dir='ltr'><strong>vertice</strong></span> <span class='ocrx_word' id='word_1_111' title='bbox 574 1911 636 1947; x_wconf 78' lang='lat' dir='ltr'><strong>raao</strong></span> <span class='ocrx_word' id='word_1_112' title='bbox 645 1892 788 1948; x_wconf 74' lang='lat' dir='ltr'><strong>Praebebit</strong></span> <span class='ocrx_word' id='word_1_113' title='bbox 800 1892 955 1963; x_wconf 73' lang='lat' dir='ltr'><em>quandoque</em></span> <span class='ocrx_word' id='word_1_114' title='bbox 966 1897 1053 1962; x_wconf 79' lang='lat' dir='ltr'><strong>eaput.</strong></span> <span class='ocrx_word' id='word_1_115' title='bbox 1073 1891 1205 1957; x_wconf 78' lang='lat' dir='ltr'><strong>Quando·</strong></span> 
     </span>
     <span class='ocr_line' id='line_1_15' title="bbox 59 1977 1205 2049; baseline -0.003 -16"><span class='ocrx_word' id='word_1_116' title='bbox 59 1996 124 2048; x_wconf 82' lang='lat' dir='ltr'><strong>que</strong></span> <span class='ocrx_word' id='word_1_117' title='bbox 150 1996 185 2033; x_wconf 83' lang='lat' dir='ltr'><strong>zu</strong></span> <span class='ocrx_word' id='word_1_118' title='bbox 204 1982 228 2039; x_wconf 76' lang='lat'><strong>2,</strong></span> <span class='ocrx_word' id='word_1_119' title='bbox 241 1982 282 2032; x_wconf 76' lang='lat'><strong>82.</strong></span> <span class='ocrx_word' id='word_1_120' title='bbox 318 1978 416 2035; x_wconf 82' lang='lat' dir='ltr'><strong>Gleioh</strong></span> <span class='ocrx_word' id='word_1_121' title='bbox 439 1979 501 2035; x_wconf 79' lang='lat' dir='ltr'><strong>(lem</strong></span> <span class='ocrx_word' id='word_1_122' title='bbox 524 1980 657 2049; x_wconf 81' lang='lat' dir='ltr'><strong>stupidus</strong></span> <span class='ocrx_word' id='word_1_123' title='bbox 678 1978 747 2034; x_wconf 80' lang='lat' dir='ltr'><strong>oder</strong></span> <span class='ocrx_word' id='word_1_124' title='bbox 769 1979 924 2048; x_wconf 76' lang='lat' dir='ltr'><strong>parasitus,</strong></span> <span class='ocrx_word' id='word_1_125' title='bbox 951 1979 1029 2034; x_wconf 82' lang='lat' dir='ltr'><strong>einer</strong></span> <span class='ocrx_word' id='word_1_126' title='bbox 1050 1977 1205 2033; x_wconf 79' lang='lat' dir='ltr'><strong>stshendan</strong></span> 
     </span>
    </p>
   </div>
   <div class='ocr_carea' id='block_1_5' title="bbox 59 2061 1205 2221">
    <p class='ocr_par' dir='ltr' id='par_1_7' title="bbox 59 2061 1205 2221">
     <span class='ocr_line' id='line_1_16' title="bbox 60 2061 1205 2135; baseline -0.004 -15"><span class='ocrx_word' id='word_1_127' title='bbox 60 2065 157 2120; x_wconf 87' lang='lat' dir='ltr'><strong>Roile</strong></span> <span class='ocrx_word' id='word_1_128' title='bbox 182 2066 220 2120; x_wconf 90' lang='lat' dir='ltr'><strong>im</strong></span> <span class='ocrx_word' id='word_1_129' title='bbox 241 2066 356 2125; x_wconf 81' lang='lat' dir='ltr'><strong>mimus,</strong></span> <span class='ocrx_word' id='word_1_130' title='bbox 380 2066 429 2121; x_wconf 80' lang='lat' dir='ltr'><strong>der</strong></span> <span class='ocrx_word' id='word_1_131' title='bbox 452 2066 504 2121; x_wconf 87' lang='lat' dir='ltr'><strong>mit</strong></span> <span class='ocrx_word' id='word_1_132' title='bbox 528 2064 593 2120; x_wconf 89' lang='lat' dir='ltr'><strong>kahl</strong></span> <span class='ocrx_word' id='word_1_133' title='bbox 616 2067 816 2135; x_wconf 83' lang='lat' dir='ltr'><strong>geschorenem</strong></span> <span class='ocrx_word' id='word_1_134' title='bbox 834 2064 915 2134; x_wconf 83' lang='lat' dir='ltr'><strong>Kopf</strong></span> <span class='ocrx_word' id='word_1_135' title='bbox 935 2063 1040 2119; x_wconf 80' lang='lat' dir='ltr'><strong>anstrat</strong></span> <span class='ocrx_word' id='word_1_136' title='bbox 1061 2064 1119 2117; x_wconf 83' lang='lat' dir='ltr'><strong>und</strong></span> <span class='ocrx_word' id='word_1_137' title='bbox 1137 2061 1205 2118; x_wconf 82' lang='lat' dir='ltr'><strong>fort·</strong></span> 
     </span>
     <span class='ocr_line' id='line_1_17' title="bbox 59 2150 1203 2221; baseline -0.005 -16"><span class='ocrx_word' id='word_1_138' title='bbox 59 2152 206 2207; x_wconf 69' lang='lat' dir='ltr'><strong>wahrsnd</strong></span> <span class='ocrx_word' id='word_1_139' title='bbox 224 2150 374 2221; x_wconf 77' lang='lat' dir='ltr'><strong>gepragelt</strong></span> <span class='ocrx_word' id='word_1_140' title='bbox 391 2152 495 2206; x_wconf 80' lang='lat' dir='ltr'><strong>warda.</strong></span> <span class='ocrx_word' id='word_1_141' title='bbox 521 2151 583 2220; x_wconf 85' lang='lat' dir='ltr'>Vgl.</span> <span class='ocrx_word' id='word_1_142' title='bbox 597 2154 621 2213; x_wconf 84' lang='lat'><strong>8,</strong></span> <span class='ocrx_word' id='word_1_143' title='bbox 638 2154 684 2203; x_wconf 74' lang='lat' dir='ltr'><strong>tas</strong></span> <span class='ocrx_word' id='word_1_144' title='bbox 697 2168 723 2205; x_wconf 89' lang='lat' dir='ltr'><strong>u.</strong></span> <span class='ocrx_word' id='word_1_145' title='bbox 737 2151 804 2207; x_wconf 85' lang='lat' dir='ltr'><strong>StV.</strong></span> <span class='ocrx_word' id='word_1_146' title='bbox 819 2152 862 2205; x_wconf 88' lang='lat' dir='ltr'><strong>lii</strong></span> <span class='ocrx_word' id='word_1_147' title='bbox 876 2153 934 2215; x_wconf 78' lang='lat'>550,</span> <span class='ocrx_word' id='word_1_148' title='bbox 947 2154 971 2202; x_wconf 81' lang='lat' dir='ltr'><strong>t.</strong></span> <span class='ocrx_word' id='word_1_149' title='bbox 1000 2150 1052 2205; x_wconf 84' lang='lat' dir='ltr'><strong>SG.</strong></span> <span class='ocrx_word' id='word_1_150' title='bbox 1067 2150 1094 2203; x_wconf 92' lang='lat' dir='ltr'><strong>ll</strong></span> <span class='ocrx_word' id='word_1_151' title='bbox 1108 2152 1167 2207; x_wconf 76' lang='lat'><strong>438,</strong></span> <span class='ocrx_word' id='word_1_152' title='bbox 1180 2152 1203 2199; x_wconf 80' lang='lat'><strong>3.</strong></span> 
     </span>
    </p>
   </div>
   <div class='ocr_carea' id='block_1_6' title="bbox 0 0 1448 4936">
    <p class='ocr_par' dir='ltr' id='par_1_8' title="bbox 0 0 1448 4936">
     <span class='ocr_line' id='line_1_18' title="bbox 0 0 1448 4936; baseline 0 2"><span class='ocrx_word' id='word_1_153' title='bbox 0 0 1448 4936; x_wconf 95' lang='lat' dir='ltr'><strong> </strong></span> 
     </span>
    </p>
   </div>
  </div>
 </body>
</html>
