2888 4936
419 362 504 420 hiber
522 364 646 433 quintus.
683 361 786 419 Satura
801 361 879 419 xlv.

124 549 144 605 5
167 530 346 607 mandari
368 537 458 604 diees
480 538 558 604 olim
579 531 660 603 “neo
681 536 763 603 talia
784 528 904 603 suasi'.

168 653 289 720 mentis
312 669 412 718 eausa
433 651 539 717 malae
561 656 671 716 tamen
694 656 744 715 est
766 656 799 715 et
821 649 912 733 ungo
932 667 1035 734 penes
1056 655 1097 715 te.

169 786 246 832 nam
269 764 415 848 quisquis
437 764 548 848 magni
570 781 687 829 census
708 763 876 847 praecepit
897 781 1047 844 amorem,

170 885 204 944 et
225 878 320 943 laevo
342 876 467 942 monitu
488 893 608 960 pueros
631 873 781 959 producit
802 892 928 956 avaros,

170 997 205 1056 et
227 991 283 1073 qni
305 1009 365 1074 per
385 987 519 1055 fraudes
541 987 737 1072 patrimonia
759 985 989 1072 conduplicari,

121 1114 147 1168 1ο
171 1102 230 1170 dat
250 1101 434 1168 libertatern
457 1107 489 1167 et
511 1107 596 1167 tutas
619 1098 757 1166 effundit
778 1098 925 1165 habenas

171 1216 341 1298 curriculo,
365 1233 462 1296 quern
485 1213 513 1279 si
536 1230 678 1293 revoces,
702 1211 881 1278 subsistere
904 1211 1008 1279 nescit

171 1336 205 1395 et
225 1336 259 1394 te
280 1333 463 1410 eontsmpto
485 1327 610 1410 rapitur
632 1325 792 1408 metisque
813 1325 944 1391 relictis.

171 1459 265 1506 nemo
287 1439 368 1506 satis
391 1437 502 1520 eredit
525 1444 651 1504 tanturn
673 1436 864 1520 delinquere
885 1444 1040 1521 quantum

171 1552 356 1639 permittas;
378 1550 461 1617 adeo
484 1548 655 1636 indulgent
677 1548 739 1614 sibi
762 1547 860 1614 latius
881 1550 955 1633 ipsi.

121 1676 148 1731 ie
173 1686 245 1732 eum
269 1662 350 1730 dicis
372 1663 483 1729 iuveni
506 1662 649 1743 stultum,
674 1661 730 1743 qui
753 1659 851 1727 donet
872 1663 985 1742 amico,

171 1779 228 1862 qni
250 1782 477 1863 paupertatem
499 1774 589 1841 levet
609 1773 800 1856 attollatque
822 1775 1005 1859 propinqui,

173 1898 206 1956 et
227 1888 372 1974 spoliare
394 1886 491 1954 doses
515 1893 548 1954 et
570 1885 833 1953 oireumseribere
856 1893 889 1954 et
910 1887 997 1952 omni

172 2002 308 2068 erimine
330 1999 463 2067 divitias
485 1999 666 2083 adquirere,
691 1985 828 2082 quarum
850 2019 940 2065 amur
961 1999 996 2063 in
1018 2005 1051 2065 tc

172 2121 314 2198 quantus
337 2119 408 2179 erat
428 2113 556 2197 patriae
577 2112 751 2178 Deoi0rnrn
772 2111 807 2177 in
829 2118 969 2195 pectore,
993 2117 1149 2194 quantum

190 2340 249 2391 229.
285 2355 334 2390 oon.
354 2355 370 2399 ς
387 2337 547 2392 damnarem
560 2335 681 2406 Ruperti
692 2334 807 2406 Pineper
819 2333 954 2388 Heinrich
965 2335 1046 2388 Jahn.
1069 2335 1220 2404 condupli-

121 2426 145 2481 ri
165 2426 213 2480 Po
225 2425 369 2479 Bucam
386 2427 438 2495 (cf.
452 2424 526 2478 Mac.
540 2423 626 2478 Rieu.
640 2422 757 2477 XLIII
765 2439 797 2492 p.
811 2428 873 2483 ist)
890 2420 1092 2492 conduplicare
1111 2440 1133 2484 ς.

191 2635 249 2686 230.
284 2632 369 2703 Verg.
382 2632 417 2688 Δ.
430 2633 457 2688 V
470 2633 520 2686 818
537 2632 724 2700 manibusque
742 2645 839 2686 ornnes
857 2629 978 2686 effundit
996 2629 1127 2687 habenae.

121 2759 293 2768 ——-

155 2826 215 2877 228.
252 2825 326 2878 lacco
342 2823 446 2878 monita
463 2823 556 2880 soviel
575 2822 619 2877 als
637 2820 762 2876 sinistro.
798 2818 924 2889 Georges
940 2821 1007 2876 113.

156 2911 215 2962 229.
269 2910 460 2980 conduplicari.
497 2910 556 2965 Das
574 2907 717 2976 Sataglied
734 2905 827 2975 hingt
839 2921 897 2960 rou
909 2909 1057 2978 praecepit
1068 2908 1111 2964 ab.
1138 2909 1221 2964 Prae·

121 3012 184 3068 pere
202 2996 309 3066 regiert
326 2997 373 3053 bei
392 2996 448 3052 den
465 2995 580 3052 lrtlhsrn
597 2991 819 3051 Schriitstsllern
838 2992 868 3046 in
886 2993 936 3049 der
949 2994 1039 3065 Regel
1058 2996 1113 3051 den
1128 2994 1221 3051 Aecu-

121 3086 164 3141 tiu
176 3085 230 3139 mit
242 3084 305 3140 dem
322 3082 375 3139 Ini'.
388 3083 504 3153 passIri.
535 3081 661 3153 Georges
673 3083 838 3153 praecipere
855 3083 909 3136 Ba
926 3082 1044 3152 [Driger
1055 3082 1127 3138 Hist
1141 3082 1219 3152 synt.

129 3171 193 3221 2=
205 3170 250 3225 111
263 3171 313 3222 388
331 3168 460 3225 Paucker
478 3169 522 3224 De
539 3170 631 3225 Latin.
650 3169 745 3238 script.
764 3168 797 3222 Η.
811 3166 846 3223 Δ.
860 3168 953 3224 meist.
970 3184 997 3237 p.
1012 3169 1061 3220 126
1071 3171 1124 3234 ss).
1165 3169 1220 3224 Bli-

121 3257 182 3315 eler
198 3257 300 3313 Bheiu.
312 3256 381 3312 llus.
394 3256 491 3311 XLIII
509 3255 535 3312 S.
549 3258 607 3308 295.

157 3344 216 3396 230.
253 3343 311 3399 Der
327 3342 467 3399 lisehsatu
484 3342 605 3412 beginnt
622 3343 674 3397 mit
691 3342 737 3396 dot
755 3341 910 3395 ls‘bcrtatem.

156 3431 215 3481 231.
256 3428 402 3497 melma,
413 3446 490 3499 quern
499 3429 525 3482 ci
534 3447 645 3483 revoces.
669 3428 835 3498 Allerdings
846 3429 885 3484 let
898 3429 1057 3485 curriculus
1071 3429 1123 3486 das
1132 3431 1221 3500 regel-

121 3515 1222 3586 issiggebiideteDiminutivvouourrusdesssnGenussichindeuBeispIsleu

121 3604 171 3659 sist
182 3602 264 3657 nicht
274 3601 418 3658 erkennsn
424 3602 501 3669 illest
512 3602 563 3658 dus
573 3602 640 3658 aber
649 3602 737 3658 durch
743 3603 853 3658 Nonius
862 3601 943 3656 lvrs
951 3603 1034 3671 plot
1046 3601 1220 3657 liercisrllo

121 3688 212 3744 Idller
224 3688 401 3755 (curriculus,
420 3694 453 3743 ut
464 3689 641 3743 consuetudo
654 3687 709 3744 lert
719 3718 755 3727 -
767 3690 872 3745 dieitur
888 3689 1085 3744 brevissimum
1097 3687 1221 3743 vehiculi

121 3775 175 3830 ruti
193 3780 291 3844 genus)
309 3773 416 3830 Charis.
429 3774 444 3828 1
460 3791 487 3844 p.
502 3774 566 3831 591³
578 3797 610 3821 --·
624 3774 731 3830 GLKI
745 3778 776 3826 77
791 3775 955 3839 (curriculus
966 3773 1121 3830 masculine
1134 3773 1220 3828 deuri-

121 3860 171 3917 ltio
190 3865 234 3916 est
248 3876 355 3926 currus,
373 3860 540 3917 neutraliter
557 3868 652 3917 autem
670 3862 841 3917 cuniculum
858 3861 982 3932 spetlum
1000 3861 1036 3915 ad
1054 3858 1221 3915 currendum

121 3954 186 4004 »tum
204 3947 253 4003 vel
272 3947 365 4018 ipsum
384 3948 515 4004 currendi
534 3946 666 4013 officium,
685 3956 718 4005 ut
735 3947 835 4004 (licere
853 3954 882 4003 st
893 3947 985 4002 Varro
1002 3946 1143 4009 locuntur)
1163 3945 1222 4000 und

121 4033 171 4087 nx.
184 4032 213 4088 V
225 4034 283 4099 576,
296 4036 311 4085 ³
331 4034 383 4098 (De
395 4033 491 4089 dubiis
503 4034 677 4090 nominibus:
697 4049 795 4090 eunus
806 4034 919 4103 generis
937 4033 1088 4088 masculini
1108 4038 1137 4088 et
1154 4032 1220 4088 ideo

121 4120 259 4176 minutiae
277 4120 445 4176 curriculus.
475 4119 546 4176 Nam
558 4119 658 4176 Cicero
677 4119 832 4176 enrriculoe
850 4125 879 4175 et
896 4119 1040 4174 curricula
1057 4119 1138 4181 dixit)
1157 4134 1220 4174 aus-

121 4205 241 4261 iiekiich
257 4206 380 4276 beasugt
397 4206 441 4262 ist.
477 4204 524 4261 An
542 4206 636 4262 dieser
653 4205 740 4262 Stelle
757 4206 808 4261 hat
825 4206 892 4261 aber
910 4204 982 4260 auch
1000 4204 1047 4260 die
1059 4205 1221 4276 Beaiehung

121 4307 148 4347 >u
166 4307 249 4362 quem
268 4291 320 4348 auf
334 4293 389 4348 deu
407 4291 518 4348 Lenlrer
535 4290 620 4348 ineius
639 4291 863 4362 Sohwieriglreit.

160 4379 219 4431 239.
255 4377 409 4433 Deciorum.
445 4379 486 4434 Zn
504 4380 599 4445 8,254.
