2888 4936
414 370 500 426 Liber
517 370 642 439 quintas.
679 369 782 426 Satura
799 371 861 427 XV.

159 544 268 610 Gallia
290 543 472 610 causidicos
495 543 605 609 docuit
627 543 769 609 facunda
790 545 972 623 Britannos,

158 655 198 722 de
221 654 433 721 conducendo
457 655 600 737 loquitur
622 645 688 720 iam
711 655 840 720 rhetore
863 655 979 738 Thyle.

158 767 276 832 nobilis
298 768 355 833 illc
377 775 487 833 tamen
510 768 649 851 populus
672 786 768 850 quem
791 766 941 847 diximus,
966 772 999 831 et
1021 786 1081 850 par

158 881 279 946 virtute
302 887 399 962 atque
421 878 486 944 fide
508 877 568 944 sed
589 880 692 943 maior
714 879 808 944 clade
830 878 1015 963 Zacynthos

79 996 134 1054 115
158 990 226 1057 tale
248 990 327 1073 quid
350 997 498 1055 excusat:
522 990 684 1056 Maeotide
708 992 837 1056 saevior
859 1011 918 1055 ara

157 1103 335 1186 Aegyptos.
381 1103 502 1186 quippe
524 1102 584 1168 illa
606 1102 741 1169 nefandi
764 1103 905 1168 Taurica
927 1103 1011 1168 sacri

157 1216 322 1280 inventrix
345 1214 493 1279 homines
515 1223 615 1281 -ut
637 1216 701 1279 iam
725 1235 810 1299 quae
833 1216 976 1280 carmina
999 1214 1138 1295 tradunt,

159 1325 261 1411 digna
283 1325 347 1391 fide
370 1326 484 1392 credas
506 1333 695 1393 -tantum
718 1326 872 1407 immolat,
898 1328 1033 1392 ulterius
1055 1328 1101 1390 nil

159 1443 216 1502 aut
237 1440 372 1521 gravius
395 1440 496 1503 cultro
519 1440 610 1504 timet
632 1438 747 1504 hostia.
794 1439 865 1521 quis
888 1438 983 1503 medo
1007 1457 1101 1503 casus

178 1618 235 1669 114.
271 1618 425 1688 aacynthos
445 1620 471 1672 P
496 1622 523 1688 (g
536 1637 590 1688 pro
617 1636 633 1673 c
658 1625 685 1687 p)
713 1618 760 1673 vel
782 1624 919 1688 saguntos
941 1637 1033 1688 mar-po
1050 1619 1140 1683 (Jahn)
1165 1635 1208 1673 sa·

79 1710 178 1770 guntus
200 1723 229 1754 ω.

145 1869 202 1919 111.
238 1865 370 1936 Anfange
387 1868 541 1923 rbmischer
558 1866 683 1936 Bildnng
702 1868 732 1921 in
744 1868 921 1924 Britannien:
940 1868 1005 1922 Tac.
1019 1867 1087 1937 Agr.
1102 1870 1131 1919 21
1152 1868 1208 1922 iam

78 1968 141 2007 vero
153 1953 316 2022 principum
328 1952 403 2008 lilios
415 1953 581 2008 liberalibus
599 1954 708 2008 artibus
722 1953 835 2008 erudire
848 1960 877 2010 et
889 1954 1209 2023 ingeniaBritannorum

77 2038 178 2095 studiis
191 2037 337 2094 Gallorum
349 2036 496 2106 anteferre,
515 2047 548 2094 ut
565 2041 615 2108 qui
627 2040 711 2093 modo
724 2039 850 2108 linguam
863 2040 1019 2094 Romanam
1038 2040 1208 2106 abnuebant,

77 2124 266 2194 eloquentiam
284 2124 526 2193 concupiscerent.
545 2124 624 2179 biart
638 2124 680 2178 XI
701 2127 753 2190 3,5
776 2126 882 2180 dicitur
907 2132 936 2180 et
958 2133 1071 2181 nostros
1094 2132 1209 2183 cantare

77 2211 241 2266 Britannica
259 2225 365 2265 versus.

145 2299 202 2348 112.
243 2297 333 2365 diple,
350 2296 399 2351 hei
416 2296 541 2367 Pythem
564 2297 637 2353 ohne
655 2297 770 2354 Zweisel
795 2299 842 2353 die
860 2297 975 2366 Gruppe
994 2298 1044 2352 der
1061 2297 1210 2353 Shetland·

77 2381 171 2437 Inscln
189 2381 318 2451 (Kiepert
335 2381 362 2437 S.
376 2384 443 2449 533),
462 2382 538 2438 steht
554 2383 615 2439 hier
634 2384 675 2439 als
693 2385 740 2439 die
759 2387 899 2439 iusserste
923 2384 1073 2439 bewohnte
1091 2382 1209 2451 aegane

77 2467 123 2523 der
141 2467 218 2523 Erde
237 2466 450 2537 (1701911130
469 2469 569 2524 ultima
586 2469 699 2540 Thyle·
711 2470 774 2526 San.
787 2470 859 2525 lded.
878 2471 954 2525 tiss.
973 2486 1026 2525 nec
1048 2470 1103 2525 erit
1125 2470 1209 2524 terris

76 2552 180 2608 Ultima
191 2552 298 2618 Thule).
328 2552 395 2609 Tac.
408 2553 476 2623 Agr.
490 2559 520 2608 10
534 2557 664 2624 dispecta
682 2561 726 2611 est
743 2562 772 2611 et
783 2556 880 2627 Thyle,
893 2556 940 2612 bei
953 2557 1003 2610 der
1014 2555 1209 2624 Umschiffnng

76 2639 256 2694 Britannicus
274 2639 333 2693 und
350 2639 516 2709 Eroherung
534 2642 584 2696 der
602 2641 740 2697 Orhaden.

145 2728 221 2781 llis.
244 2724 303 2780 Der
312 2725 479 2793 angebliche
488 2727 720 2783 Kannibalismus
730 2729 779 2783 der
789 2729 960 2798 Saguntiner
969 2729 999 2782 in
1009 2726 1209 2795 deanngers·

77 2811 143 2866 noth
154 2810 201 2865 bei
214 2809 264 2864 der
273 2810 452 2880 Belagerung
465 2812 552 2867 durch
562 2813 706 2868 Hannibal
719 2816 769 2865 219
781 2830 833 2869 vor
846 2813 907 2869 Chr.
919 2815 957 2869 ist
969 2814 1052 2868 allam
1064 2811 1209 2868 Anachein

77 2896 146 2951 nach
165 2896 230 2951 cine
248 2895 405 2966 Erfindung
424 2898 473 2952 der
492 2897 742 2954 Rhetorenschule.
780 2898 843 2954 San.
857 2899 951 2954 Contr.
965 2901 1035 2964 the
1054 2899 1210 2953 necessitas

77 3012 108 3021 —
125 2989 246 3038 excusat
263 2981 444 3051 Saguntinos,
464 2985 593 3052 quamvis
610 3000 668 3037 non
687 2985 844 3039 ceciderint
861 2991 956 3052 patres
974 2984 1025 3040 sed
1043 2983 1208 3038 occiderint.

77 3068 186 3124 Patron.
201 3069 248 3119 141
269 3067 422 3136 Saguntini
445 3070 575 3138 oppressi
597 3070 632 3125 ab
655 3069 814 3125 Hannibale
837 3069 973 3124 humanas
995 3070 1079 3124 odere
1103 3084 1209 3123 carnes.

78 3153 277 3209 sansana
296 3153 404 3223 spricht
422 3154 516 3209 daven
537 3156 578 3211 als
596 3171 653 3210 von
672 3162 759 3210 etwas
776 3155 1016 3223 Beabsichtigtem
1040 3155 1108 3210 aber
1130 3155 1211 3208 nicht

77 3238 310 3309 Ausgeflihrtem3
329 3240 481 3310 Angustia.
496 3240 524 3294 G.
538 3241 572 3294 D.
587 3241 632 3294 III
645 3244 678 3292 20
691 3246 755 3309 aagt
767 3257 784 3295 a
796 3239 940 3295 nonnullis
952 3240 1123 3308 perhibetur.
1147 3241 1209 3295 Liv.

77 3325 145 3381 XXI
159 3328 183 3391 7,
197 3328 212 3377 2
231 3326 289 3380 und
308 3325 420 3382 Sallust.
440 3327 473 3380 Η.
487 3326 517 3380 II
530 3327 596 3380 211)
613 3341 700 3396 sagon
712 3327 806 3382 nichts
819 3328 920 3392 daven,
940 3326 1013 3380 anch
1024 3327 1104 3383 nicht
1114 3327 1209 3383 Valer.

77 3412 146 3467 Max.
159 3411 202 3467 Vl
216 3413 262 3467 ch
275 3415 291 3476 5
306 3415 317 3464 1
337 3413 396 3467 und
414 3410 532 3476 Quintil.
547 3413 591 3466 Ill
605 3415 628 3478 8,
642 3415 683 3464 23.

144 3498 218 3551 clade
237 3499 392 3568 Zacynthos.
434 3498 512 3553 Nach
537 3499 600 3552 dem
619 3498 772 3567 Vorgange
796 3515 854 3553 von
871 3497 965 3568 Virgil
990 3498 1048 3552 und
1066 3497 1139 3552 Ouid
1162 3497 1211 3552 hat

78 3584 148 3638 auch
166 3582 264 3650 Silius,
283 3583 333 3640 der
345 3585 505 3653 Zacynthos
523 3583 568 3639 fiir
581 3584 725 3654 Saguntus
743 3590 815 3652 sagt,
835 3584 1033 3639 Versschliisse
1053 3584 1118 3637 wie:
1138 3583 1210 3637 colle

79 3669 250 3739 Zacynthos,
277 3685 365 3738 regna
392 3671 564 3741 Zacynthos,
589 3677 704 3739 portata
727 3670 871 3739 Zacyntho
894 3671 1071 3734 (1171190.
1094 3668 1123 3721 ΙΙ
1143 3671 1209 3732 603).

78 3755 200 3812 Llldller
218 3755 289 3809 Rm.
303 3757 361 3822 319,
380 3757 436 3825 vgl.
450 3758 508 3808 393.

179 3840 318 3894 Maeotide
328 3871 363 3880 —
375 3859 431 3894 ara.
469 3841 549 3897 ovid.
563 3844 643 3897 Pont.
657 3844 702 3897 ΙΙΙ
717 3847 739 3910 2,
754 3846 786 3895 59
799 3842 918 3897 Maeotis
934 3857 990 3895 ora.
1013 3840 1118 3894 Lucan.
1133 3840 1146 3893 Ι
1159 3842 1208 3890 446

82 3932 107 3980 et
121 3927 244 3983 Taranis
256 3925 408 3998 Scythicae
420 3943 477 3982 non
490 3929 586 3983 mitior
599 3945 647 3984 ara
659 3930 777 3985 Dianae.
804 3930 936 3982 Dracont.
951 3930 975 3992 5,
990 3927 1123 3978 139-143
1136 3924 1210 3978 Tau-

81 4012 137 4068 rica
154 4012 279 4069 crudelia
296 4013 374 4069 mitis
395 4020 490 4068 tamen
509 4029 558 4068 ara
575 4015 693 4070 Dianae.

147 4102 204 4152 111.
240 4104 272 4152 at
295 4098 356 4152 iarn.
399 4100 514 4168 iladvig
538 4098 596 4154 Cic.
620 4101 681 4154 Fin.
701 4100 743 4154 IV
761 4103 805 4152 66:
829 4096 901 4154 ‘iam'
925 4098 1066 4168 particula
1088 4099 1118 4150 in
1145 4114 1211 4151 con·

84 4185 204 4241 cedendo
223 4186 265 4241 aic
283 4184 406 4250 additur,
425 4192 458 4239 nt
474 4185 667 4254 significemus
685 4202 744 4252 nos,
764 4187 877 4241 omissis
895 4187 941 4254 iis,
960 4200 1033 4255 quae
1052 4184 1134 4238 aliter
1152 4184 1209 4237 dici

84 4272 202 4326 statuive
220 4272 339 4340 possint,
357 4270 472 4339 longius
490 4272 651 4340 procedere.

148 4357 205 4409 119.
240 4357 317 4410 modo
333 4357 472 4426 temporal
490 4358 545 4413 wie
564 4360 659 4424 2160,
679 4357 735 4427 rgl.
748 4372 837 4427 nuper
856 4360 896 4409 11.
