2888 4936
404 366 490 422 Liber
507 366 656 421 secundus.
693 365 795 420 Satura
812 364 861 420 Vl.

149 538 310 605 ardebant
332 544 448 603 cuncta
471 545 503 604 et
525 539 630 604 fracta
652 557 798 622 conpage
821 539 967 618 ruebant,

149 672 215 716 non
238 650 333 715 aliter
355 670 452 733 quam
476 652 503 716 si
527 650 659 716 fecisset
682 650 761 715 Iuno
784 651 935 716 maritum

51 772 125 827 620
151 766 309 829 insanum
356 765 463 828 minus
486 782 565 846 ergo
587 781 707 829 nocens
731 763 791 853 erit
813 761 1016 847 Agrippinae

151 876 287 957 boletus,
312 874 473 958 siquidem
495 876 590 940 unius
612 873 805 962 praecordia
826 874 946 959 pressit
976 863 979 867 ⁴

151 988 209 1052 ille
231 989 321 1053 senis
341 986 579 1070 tremulumque
601 993 698 1071 caput
720 986 920 1053 descendere
941 987 1036 1053 iussit

151 1102 184 1164 in
208 1099 333 1165 caelum
358 1107 390 1165 et
412 1099 511 1183 longa
532 1100 700 1165 manantia
722 1100 815 1165 labra
836 1098 952 1165 saliva.

135 1213 234 1278 haec
257 1213 361 1297 poscit
383 1211 503 1278 ferrum
526 1218 623 1295 atque
644 1212 748 1294 ignes,
772 1211 854 1276 haee
876 1211 965 1296 potio
989 1219 1125 1295 torquet,

52 1333 125 1388 625
151 1324 232 1390 haec
254 1324 377 1389 lacerat
399 1324 519 1389 mixtos
541 1325 685 1407 equitum
707 1342 779 1388 cum
802 1323 962 1408 sanguine
983 1331 1103 1408 patres.

152 1438 233 1503 tanti
257 1442 369 1520 partus
392 1455 504 1519 equae,
528 1438 610 1502 tanti
633 1455 699 1502 una
721 1436 866 1501 venefica
888 1442 1021 1502 constat.

196 1547 334 1614 oderunt
355 1555 450 1613 natos
472 1546 514 1612 de
536 1546 676 1632 paelree;
700 1567 796 1613 nemo
818 1555 984 1631 repugnet,

152 1679 248 1725 nemo
271 1666 366 1742 vetet,
391 1661 455 1724 iarn
478 1659 543 1723 iam
566 1659 751 1743 privignum
774 1658 922 1724 occidere
943 1657 993 1724 fas
1016 1667 1073 1724 est.

157 1790 216 1838 vos
239 1791 309 1856 ego,
334 1771 462 1856 pupilli,
486 1790 609 1853 moneo,
635 1772 753 1853 quihus
776 1772 915 1854 amplior
937 1778 987 1836 est
1008 1789 1071 1853 res,

56 1893 128 1949 630
153 1884 315 1950 custodite
337 1883 464 1949 animas
487 1890 520 1948 et
541 1882 622 1948 nulli
646 1882 767 1949 credite
789 1901 932 1965 mensae,

154 1995 259 2062 livida
281 2003 426 2062 materno
450 1995 577 2062 fervent
599 1994 733 2080 adipata
755 2014 890 2061 veneno.

170 2161 228 2211 olo.
265 2163 327 2216 erat
342 2161 421 2213 Jahn.

134 2297 280 2350 ors-620.
317 2299 374 2352 Der
391 2297 549 2353 Wahnsiun
567 2295 712 2365 Caligulas
729 2295 909 2352 verursachte
927 2297 1011 2352 einen
1024 2297 1198 2361 Woltbrand,

59 2398 95 2437 so
115 2397 206 2451 gross,
225 2382 280 2438 wie
300 2382 347 2437 ihn
366 2383 415 2438 der
433 2383 589 2439 Wahnsinn
607 2383 756 2452 luppiters
773 2382 937 2438 verursacht
952 2383 1044 2438 haben
1062 2384 1166 2438 wllrde.

135 2470 193 2520 620.
230 2468 401 2540 Agrippinae
420 2470 538 2523 Baletus.
575 2470 615 2524 Zu
634 2471 728 2535 5,147.

135 2555 193 2606 622.
231 2556 422 2624 traaalumqae
446 2562 533 2625 eaput.
570 2556 646 2611 Suet.
667 2554 763 2609 Claud.
779 2556 811 2604 30
835 2560 982 2623 praeterea
1000 2555 1115 2623 linguae
1133 2556 1201 2610 citn-

63 2641 164 2696 bantia
182 2646 325 2711 caputque
344 2659 407 2698 cum
425 2658 534 2711 semper
552 2651 612 2698 tum
630 2643 659 2696 in
672 2640 930 2710 quantulocumque
944 2647 1010 2697 actu
1022 2643 1068 2696 vel
1081 2642 1200 2697 maxime

64 2727 222 2782 tremulum.
260 2728 368 2784 Seneca
384 2727 505 2797 Apoeol.
525 2731 576 2793 5,2
601 2729 720 2783 adsidue
745 2729 819 2782 enim
842 2735 930 2797 caput
953 2744 1073 2784 movere.
1112 2731 1134 2795 l,
1148 2732 1200 2780 25

65 2821 154 2882 eaput
171 2813 284 2870 mobile.

134 2900 289 2953 descendere
307 2903 344 2954 In
361 2902 468 2953 caelare
499 2901 554 2954 Ein
572 2899 628 2955 wol
646 2916 698 2954 nur
710 2901 771 2956 hier
783 2899 1017 2956 vorkommendes
1031 2901 1198 2970 Oxymorou.

67 2987 115 3040 Bei
135 2985 206 3041 Stat
226 2985 295 3042 silv.
310 2988 436 3052 1113,7u
455 2987 627 3056 Belligerum
646 2987 741 3041 senior
759 2987 898 3042 demissus
917 2988 946 3040 in
966 3002 1046 3042 axem
1066 2986 1201 3042 Claudius

69 3077 107 3132 {so
120 3071 169 3137 Gal
189 3073 256 3129 lieet
273 3073 413 3128 Baehrens
432 3073 502 3127 nach
521 3073 697 3143 Peyraredus
715 3072 769 3126 wol
788 3073 893 3141 riehtig
911 3073 1052 3128 dimissus.

134 3162 195 3211 623.
226 3158 340 3215 Sueten.
360 3158 457 3214 Claud.
471 3176 493 3214 e.
509 3162 541 3208 :lo
559 3160 602 3213 ira
621 3160 737 3227 turpior,
757 3164 905 3227 spumante
921 3159 1003 3225 rictu,
1022 3159 1202 3215 humentibus

68 3246 190 3301 naribus.

134 3334 194 3383 624.
220 3334 277 3384 625.
320 3331 421 3387 Solche
448 3330 650 3386 Liebestritnlre
680 3330 868 3386 verursacheu
894 3330 1121 3400 llinrlehtungeu
1151 3333 1202 3387 mit

68 3417 156 3472 Fouer
179 3417 238 3471 und
262 3417 400 3476 Schwert
429 3417 569 3473 Turturen
592 3418 651 3471 und
672 3416 887 3474 Todesurtheile
911 3433 1004 3487 gagen
1026 3418 1122 3474 Ritter
1145 3419 1204 3473 und

69 3502 231 3558 Senatoreu.

134 3590 194 3640 cie.
226 3594 326 3658 partus
344 3609 431 3660 equae.
468 3591 508 3644 Zu
527 3591 576 3640 615
595 3605 621 3643 u.
641 3591 699 3640 olo.

133 3678 193 3728 628.
231 3675 285 3728 iarn
311 3674 365 3727 iam
386 3675 545 3745 priuignum
571 3675 688 3728 occidere
708 3679 760 3746 sua
787 3680 832 3728 eat.
875 3676 962 3730 Diese
988 3675 1203 3744 gewdhnliehen

68 3762 247 3818 Verhrecheu
268 3778 325 3815 von
349 3760 545 3818 Stiefmlittern
568 3776 660 3831 gegen
679 3760 854 3817 Stiellrlnder
878 3761 969 3829 (Verg.
989 3760 1090 3829 Georg.
1110 3762 1202 3815 11128

68 3849 170 3916 pocula
194 3849 219 3902 si
238 3848 405 3915 —quando
429 3865 531 3904 saevae
556 3847 678 3902 infecere
702 3852 863 3911 novereael,
890 3848 974 3902 deren
998 3847 1204 3917 Unterlassung

69 3933 136 3988 auch
156 3934 224 3989 Hor.
245 3933 274 3987 (l.
294 3932 338 3987 ΙΙΙ
358 3935 515 4000 24,17-18
539 3935 581 3989 als
605 3934 727 3988 Zeichen
752 3934 800 3988 der
825 3933 1058 3989 Sittenunsehuld
1081 3932 1202 3997 antlihrt,

69 4018 181 4075 konnen
204 4020 311 4075 bereite
331 4019 396 4081 (iam
415 4021 478 4083 iam)
503 4021 540 4074 im
559 4020 711 4088 Vergleich
735 4035 792 4074 ven
810 4019 988 4074 Verbrcehen
1005 4036 1062 4073 von
1080 4019 1203 4075 holtem

69 4121 158 4176 gagen
178 4107 238 4161 ihre
258 4107 362 4174 elgneu
379 4106 488 4162 Kinder
505 4107 768 4175 geuissermaassen
787 4105 828 4161 als
846 4104 957 4160 erlaubt
974 4107 1076 4173 gellen.

135 4194 194 4244 629.
227 4191 343 4261 pupilli,
365 4192 496 4257 Knaben,
520 4193 567 4247 die
586 4192 641 4248 den
659 4190 747 4245 Vater
764 4191 894 4246 verloren
911 4190 1016 4259 haben,
1040 4192 1098 4246 und
1117 4193 1203 4248 deren

69 4293 180 4346 grosses
196 4277 360 4348 Vermllgen
378 4279 425 4334 die
442 4279 547 4334 liutter
565 4294 626 4333 num
645 4277 802 4334 Giftmorde
820 4277 898 4333 reiut.

135 4366 195 4418 631.
232 4363 316 4417 lierda
332 4391 367 4405 -
385 4363 510 4434 aequata:
546 4364 703 4420 Backwerlr
727 4364 813 4429 (Mart
833 4362 904 4419 XIV
916 4365 965 4416 223
985 4364 1027 4421 als
1045 4364 1204 4422 Frdhstflck
