<?xml version="1.0" encoding="UTF-8"?>
<!DOCTYPE html PUBLIC "-//W3C//DTD XHTML 1.0 Transitional//EN"
    "http://www.w3.org/TR/xhtml1/DTD/xhtml1-transitional.dtd">
<html xmlns="http://www.w3.org/1999/xhtml" xml:lang="en" lang="en">
 <head>
  <title>
</title>
<meta http-equiv="Content-Type" content="text/html;charset=utf-8" />
  <meta name='ocr-system' content='tesseract 3.04.00' />
  <meta name='ocr-capabilities' content='ocr_page ocr_carea ocr_par ocr_line ocrx_word'/>
</head>
<body>
  <div class='ocr_page' id='page_1' title='image "./djuniijuvenalis03juvegoog_0510.png"; bbox 0 0 2888 4936; ppageno 0'>
   <div class='ocr_carea' id='block_1_1' title="bbox 462 368 899 438">
    <p class='ocr_par' dir='ltr' id='par_1_1' title="bbox 462 368 899 438">
     <span class='ocr_line' id='line_1_1' title="bbox 462 368 899 438; baseline 0 -15"><span class='ocrx_word' id='word_1_1' title='bbox 462 368 548 425; x_wconf 89' lang='lat' dir='ltr'><strong>Liber</strong></span> <span class='ocrx_word' id='word_1_2' title='bbox 567 375 691 438; x_wconf 88' lang='lat' dir='ltr'><strong>quartus.</strong></span> <span class='ocrx_word' id='word_1_3' title='bbox 728 369 832 427; x_wconf 74' lang='lat' dir='ltr'><strong>Satura</strong></span> <span class='ocrx_word' id='word_1_4' title='bbox 848 371 899 425; x_wconf 90' lang='lat' dir='ltr'><strong>XI.</strong></span> 
     </span>
    </p>
   </div>
   <div class='ocr_carea' id='block_1_2' title="bbox 133 541 1131 2294">
    <p class='ocr_par' dir='ltr' id='par_1_2' title="bbox 133 541 1131 2294">
     <span class='ocr_line' id='line_1_2' title="bbox 197 541 938 608; baseline 0.007 -5"><span class='ocrx_word' id='word_1_5' title='bbox 197 541 330 607; x_wconf 82' lang='lat' dir='ltr'><strong>aemulo</strong></span> <span class='ocrx_word' id='word_1_6' title='bbox 350 541 479 607; x_wconf 78' lang='lat' dir='ltr'><strong>Picenis</strong></span> <span class='ocrx_word' id='word_1_7' title='bbox 503 548 535 608; x_wconf 93' lang='lat' dir='ltr'><strong>et</strong></span> <span class='ocrx_word' id='word_1_8' title='bbox 557 542 665 608; x_wconf 88' lang='lat' dir='ltr'><strong>odoris</strong></span> <span class='ocrx_word' id='word_1_9' title='bbox 688 543 777 608; x_wconf 84' lang='lat' dir='ltr'><strong>mals</strong></span> <span class='ocrx_word' id='word_1_10' title='bbox 797 543 938 608; x_wconf 83' lang='lat' dir='ltr'><strong>recentIs</strong></span> 
     </span>
     <span class='ocr_line' id='line_1_3' title="bbox 133 651 1064 738; baseline 0.008 -26"><span class='ocrx_word' id='word_1_11' title='bbox 133 659 170 712; x_wconf 82' lang='lat'><strong>75</strong></span> <span class='ocrx_word' id='word_1_12' title='bbox 196 671 259 717; x_wconf 89' lang='lat' dir='ltr'><strong>nec</strong></span> <span class='ocrx_word' id='word_1_13' title='bbox 281 651 456 719; x_wconf 85' lang='lat' dir='ltr'><strong>metuenda</strong></span> <span class='ocrx_word' id='word_1_14' title='bbox 477 653 546 734; x_wconf 89' lang='lat' dir='ltr'><strong>tibi,</strong></span> <span class='ocrx_word' id='word_1_15' title='bbox 570 654 726 720; x_wconf 78' lang='lat' dir='ltr'><strong>elocatum</strong></span> <span class='ocrx_word' id='word_1_16' title='bbox 748 654 870 737; x_wconf 80' lang='lat' dir='ltr'><strong>frigore</strong></span> <span class='ocrx_word' id='word_1_17' title='bbox 892 660 1064 738; x_wconf 77' lang='lat' dir='ltr'><strong>postquam</strong></span> 
     </span>
     <span class='ocr_line' id='line_1_4' title="bbox 196 763 986 849; baseline 0.004 -21"><span class='ocrx_word' id='word_1_18' title='bbox 196 771 387 829; x_wconf 83' lang='lat' dir='ltr'><strong>autumnum</strong></span> <span class='ocrx_word' id='word_1_19' title='bbox 410 771 443 829; x_wconf 92' lang='lat' dir='ltr'><strong>et</strong></span> <span class='ocrx_word' id='word_1_20' title='bbox 465 763 556 830; x_wconf 89' lang='lat' dir='ltr'><strong>erudi</strong></span> <span class='ocrx_word' id='word_1_21' title='bbox 577 783 716 849; x_wconf 90' lang='lat' dir='ltr'><strong>posuere</strong></span> <span class='ocrx_word' id='word_1_22' title='bbox 738 767 885 849; x_wconf 84' lang='lat' dir='ltr'><strong>perloula</strong></span> <span class='ocrx_word' id='word_1_23' title='bbox 907 767 986 831; x_wconf 91' lang='lat' dir='ltr'><strong>suci.</strong></span> 
     </span>
     <span class='ocr_line' id='line_1_5' title="bbox 194 875 939 943; baseline 0.004 -3"><span class='ocrx_word' id='word_1_24' title='bbox 194 875 279 940; x_wconf 86' lang='lat' dir='ltr'><strong>haec</strong></span> <span class='ocrx_word' id='word_1_25' title='bbox 300 876 378 940; x_wconf 91' lang='lat' dir='ltr'><strong>olim</strong></span> <span class='ocrx_word' id='word_1_26' title='bbox 399 878 501 942; x_wconf 81' lang='lat' dir='ltr'><strong>nostri</strong></span> <span class='ocrx_word' id='word_1_27' title='bbox 528 877 594 941; x_wconf 83' lang='lat' dir='ltr'><strong>iem</strong></span> <span class='ocrx_word' id='word_1_28' title='bbox 616 876 785 942; x_wconf 82' lang='lat' dir='ltr'><strong>luxuriosa</strong></span> <span class='ocrx_word' id='word_1_29' title='bbox 807 884 939 943; x_wconf 89' lang='lat' dir='ltr'><strong>senatus</strong></span> 
     </span>
     <span class='ocr_line' id='line_1_6' title="bbox 196 985 1030 1071; baseline 0.004 -21"><span class='ocrx_word' id='word_1_30' title='bbox 196 1005 278 1051; x_wconf 87' lang='lat' dir='ltr'><strong>cena</strong></span> <span class='ocrx_word' id='word_1_31' title='bbox 299 985 370 1052; x_wconf 86' lang='lat' dir='ltr'><strong>luit.</strong></span> <span class='ocrx_word' id='word_1_32' title='bbox 416 987 533 1052; x_wconf 83' lang='lat' dir='ltr'><strong>Curius</strong></span> <span class='ocrx_word' id='word_1_33' title='bbox 556 1007 657 1070; x_wconf 85' lang='lat' dir='ltr'><strong>parvo</strong></span> <span class='ocrx_word' id='word_1_34' title='bbox 680 1007 765 1069; x_wconf 91' lang='lat' dir='ltr'><strong>qnae</strong></span> <span class='ocrx_word' id='word_1_35' title='bbox 787 987 915 1071; x_wconf 80' lang='lat' dir='ltr'><strong>legerat</strong></span> <span class='ocrx_word' id='word_1_36' title='bbox 937 988 1030 1054; x_wconf 90' lang='lat' dir='ltr'><strong>horto</strong></span> 
     </span>
     <span class='ocr_line' id='line_1_7' title="bbox 195 1098 1131 1183; baseline 0.004 -21"><span class='ocrx_word' id='word_1_37' title='bbox 195 1099 268 1182; x_wconf 91' lang='lat' dir='ltr'><strong>ipse</strong></span> <span class='ocrx_word' id='word_1_38' title='bbox 291 1098 372 1163; x_wconf 82' lang='lat' dir='ltr'><strong>focis</strong></span> <span class='ocrx_word' id='word_1_39' title='bbox 394 1099 548 1164; x_wconf 81' lang='lat' dir='ltr'><strong>brevibus</strong></span> <span class='ocrx_word' id='word_1_40' title='bbox 569 1100 714 1183; x_wconf 90' lang='lat' dir='ltr'><strong>ponebat</strong></span> <span class='ocrx_word' id='word_1_41' title='bbox 734 1099 914 1182; x_wconf 81' lang='lat' dir='ltr'>holuscula,</span> <span class='ocrx_word' id='word_1_42' title='bbox 939 1120 1023 1183; x_wconf 89' lang='lat' dir='ltr'><strong>quae</strong></span> <span class='ocrx_word' id='word_1_43' title='bbox 1045 1120 1131 1166; x_wconf 91' lang='lat' dir='ltr'><strong>nune</strong></span> 
     </span>
     <span class='ocr_line' id='line_1_8' title="bbox 133 1208 1028 1294; baseline 0.004 -23"><span class='ocrx_word' id='word_1_44' title='bbox 133 1216 171 1271; x_wconf 78' lang='lat'><strong>80</strong></span> <span class='ocrx_word' id='word_1_45' title='bbox 196 1208 366 1291; x_wconf 88' lang='lat' dir='ltr'><strong>squalidus</strong></span> <span class='ocrx_word' id='word_1_46' title='bbox 387 1211 427 1275; x_wconf 70' lang='lat' dir='ltr'><strong>in&#39;</strong></span> <span class='ocrx_word' id='word_1_47' title='bbox 445 1229 566 1292; x_wconf 81' lang='lat' dir='ltr'><strong>magna</strong></span> <span class='ocrx_word' id='word_1_48' title='bbox 588 1208 716 1276; x_wconf 80' lang='lat' dir='ltr'><strong>fastidit</strong></span> <span class='ocrx_word' id='word_1_49' title='bbox 738 1210 894 1294; x_wconf 77' lang='lat' dir='ltr'><strong>compede</strong></span> <span class='ocrx_word' id='word_1_50' title='bbox 916 1211 1028 1293; x_wconf 83' lang='lat' dir='ltr'><strong>fossor,</strong></span> 
     </span>
     <span class='ocr_line' id='line_1_9' title="bbox 195 1319 1100 1406; baseline 0.001 -22"><span class='ocrx_word' id='word_1_51' title='bbox 195 1322 252 1402; x_wconf 94' lang='lat' dir='ltr'><strong>qui</strong></span> <span class='ocrx_word' id='word_1_52' title='bbox 275 1321 423 1385; x_wconf 80' lang='lat' dir='ltr'><strong>meminit</strong></span> <span class='ocrx_word' id='word_1_53' title='bbox 445 1319 573 1386; x_wconf 81' lang='lat' dir='ltr'><strong>calidae</strong></span> <span class='ocrx_word' id='word_1_54' title='bbox 596 1322 706 1405; x_wconf 83' lang='lat' dir='ltr'><strong>sepiat</strong></span> <span class='ocrx_word' id='word_1_55' title='bbox 728 1321 806 1403; x_wconf 92' lang='lat' dir='ltr'><strong>quid</strong></span> <span class='ocrx_word' id='word_1_56' title='bbox 829 1322 929 1387; x_wconf 85' lang='lat' dir='ltr'><strong>vulva</strong></span> <span class='ocrx_word' id='word_1_57' title='bbox 950 1323 1100 1406; x_wconf 85' lang='lat' dir='ltr'><strong>popinae.</strong></span> 
     </span>
     <span class='ocr_line' id='line_1_10' title="bbox 194 1431 891 1517; baseline 0.004 -22"><span class='ocrx_word' id='word_1_58' title='bbox 194 1432 274 1496; x_wconf 86' lang='lat' dir='ltr'><strong>sicci</strong></span> <span class='ocrx_word' id='word_1_59' title='bbox 295 1439 392 1515; x_wconf 82' lang='lat' dir='ltr'><strong>terge</strong></span> <span class='ocrx_word' id='word_1_60' title='bbox 413 1432 481 1497; x_wconf 90' lang='lat' dir='ltr'><strong>suis</strong></span> <span class='ocrx_word' id='word_1_61' title='bbox 504 1452 580 1498; x_wconf 89' lang='lat' dir='ltr'><strong>rara</strong></span> <span class='ocrx_word' id='word_1_62' title='bbox 601 1431 780 1517; x_wconf 83' lang='lat' dir='ltr'><strong>pendentia</strong></span> <span class='ocrx_word' id='word_1_63' title='bbox 802 1442 891 1498; x_wconf 91' lang='lat' dir='ltr'><strong>crate</strong></span> 
     </span>
     <span class='ocr_line' id='line_1_11' title="bbox 194 1541 989 1626; baseline 0.003 -19"><span class='ocrx_word' id='word_1_64' title='bbox 194 1544 294 1608; x_wconf 91' lang='lat' dir='ltr'><strong>moris</strong></span> <span class='ocrx_word' id='word_1_65' title='bbox 317 1549 389 1608; x_wconf 85' lang='lat' dir='ltr'><strong>erat</strong></span> <span class='ocrx_word' id='word_1_66' title='bbox 410 1541 572 1626; x_wconf 86' lang='lat' dir='ltr'><strong>quondam</strong></span> <span class='ocrx_word' id='word_1_67' title='bbox 595 1544 689 1609; x_wconf 80' lang='lat' dir='ltr'><strong>festis</strong></span> <span class='ocrx_word' id='word_1_68' title='bbox 711 1562 842 1610; x_wconf 85' lang='lat' dir='ltr'><strong>servare</strong></span> <span class='ocrx_word' id='word_1_69' title='bbox 865 1544 989 1625; x_wconf 90' lang='lat' dir='ltr'><strong>diebus,</strong></span> 
     </span>
     <span class='ocr_line' id='line_1_12' title="bbox 194 1654 902 1739; baseline 0.001 -21"><span class='ocrx_word' id='word_1_70' title='bbox 194 1661 228 1719; x_wconf 90' lang='lat' dir='ltr'><strong>et</strong></span> <span class='ocrx_word' id='word_1_71' title='bbox 250 1654 440 1719; x_wconf 89' lang='lat' dir='ltr'><strong>natalicium</strong></span> <span class='ocrx_word' id='word_1_72' title='bbox 461 1655 607 1739; x_wconf 75' lang='lat' dir='ltr'><strong>cognatu</strong></span> <span class='ocrx_word' id='word_1_73' title='bbox 628 1674 752 1738; x_wconf 89' lang='lat' dir='ltr'><strong>ponere</strong></span> <span class='ocrx_word' id='word_1_74' title='bbox 774 1654 902 1720; x_wconf 90' lang='lat' dir='ltr'><strong>lardum</strong></span> 
     </span>
     <span class='ocr_line' id='line_1_13' title="bbox 133 1764 1057 1848; baseline 0.004 -22"><span class='ocrx_word' id='word_1_75' title='bbox 133 1771 169 1827; x_wconf 76' lang='grc'><strong>15</strong></span> <span class='ocrx_word' id='word_1_76' title='bbox 194 1764 373 1831; x_wconf 78' lang='lat' dir='ltr'><strong>accedente</strong></span> <span class='ocrx_word' id='word_1_77' title='bbox 395 1784 490 1847; x_wconf 87' lang='lat' dir='ltr'><strong>nova,</strong></span> <span class='ocrx_word' id='word_1_78' title='bbox 514 1765 542 1831; x_wconf 91' lang='lat' dir='ltr'><strong>si</strong></span> <span class='ocrx_word' id='word_1_79' title='bbox 566 1785 664 1848; x_wconf 89' lang='lat' dir='ltr'><strong>qnam</strong></span> <span class='ocrx_word' id='word_1_80' title='bbox 687 1765 788 1832; x_wconf 81' lang='lat' dir='ltr'><strong>dabat</strong></span> <span class='ocrx_word' id='word_1_81' title='bbox 809 1766 925 1848; x_wconf 69' lang='lat' dir='ltr'><strong>hostire,</strong></span> <span class='ocrx_word' id='word_1_82' title='bbox 951 1785 1057 1832; x_wconf 89' lang='lat' dir='ltr'><strong>earne.</strong></span> 
     </span>
     <span class='ocr_line' id='line_1_14' title="bbox 194 1877 1023 1961; baseline 0.002 -20"><span class='ocrx_word' id='word_1_83' title='bbox 194 1884 408 1961; x_wconf 82' lang='lat' dir='ltr'><strong>cognatorum</strong></span> <span class='ocrx_word' id='word_1_84' title='bbox 429 1877 548 1959; x_wconf 84' lang='lat' dir='ltr'><strong>aliquIs</strong></span> <span class='ocrx_word' id='word_1_85' title='bbox 571 1877 665 1943; x_wconf 89' lang='lat' dir='ltr'><strong>titulo</strong></span> <span class='ocrx_word' id='word_1_86' title='bbox 688 1884 738 1943; x_wconf 90' lang='lat' dir='ltr'><strong>ter</strong></span> <span class='ocrx_word' id='word_1_87' title='bbox 760 1878 901 1943; x_wconf 88' lang='lat' dir='ltr'><strong>consulis</strong></span> <span class='ocrx_word' id='word_1_88' title='bbox 923 1884 1023 1959; x_wconf 88' lang='lat' dir='ltr'><strong>atque</strong></span> 
     </span>
     <span class='ocr_line' id='line_1_15' title="bbox 133 1987 933 2078; baseline -0.001 -25"><span class='ocrx_word' id='word_1_89' title='bbox 133 2056 142 2078; x_wconf 61' lang='grc'><strong>,</strong></span> <span class='ocrx_word' id='word_1_90' title='bbox 193 1995 373 2054; x_wconf 86' lang='lat' dir='ltr'><strong>castrorum</strong></span> <span class='ocrx_word' id='word_1_91' title='bbox 395 1989 541 2072; x_wconf 81' lang='lat' dir='ltr'><strong>Imperiis</strong></span> <span class='ocrx_word' id='word_1_92' title='bbox 564 1994 597 2053; x_wconf 91' lang='lat' dir='ltr'><strong>et</strong></span> <span class='ocrx_word' id='word_1_93' title='bbox 619 1987 787 2054; x_wconf 81' lang='lat' dir='ltr'><strong>dictatorIs</strong></span> <span class='ocrx_word' id='word_1_94' title='bbox 809 1988 933 2053; x_wconf 90' lang='lat' dir='ltr'><strong>bonore</strong></span> 
     </span>
     <span class='ocr_line' id='line_1_16' title="bbox 193 2097 1004 2184; baseline 0.002 -21"><span class='ocrx_word' id='word_1_95' title='bbox 193 2099 325 2165; x_wconf 81' lang='lat' dir='ltr'><strong>Iunctus</strong></span> <span class='ocrx_word' id='word_1_96' title='bbox 347 2097 391 2165; x_wconf 89' lang='lat' dir='ltr'><strong>ad</strong></span> <span class='ocrx_word' id='word_1_97' title='bbox 412 2099 474 2164; x_wconf 90' lang='lat' dir='ltr'><strong>has</strong></span> <span class='ocrx_word' id='word_1_98' title='bbox 497 2099 613 2184; x_wconf 91' lang='lat' dir='ltr'><strong>epulas</strong></span> <span class='ocrx_word' id='word_1_99' title='bbox 635 2099 731 2166; x_wconf 92' lang='lat' dir='ltr'><strong>solito</strong></span> <span class='ocrx_word' id='word_1_100' title='bbox 754 2101 913 2165; x_wconf 86' lang='lat' dir='ltr'><strong>maturius</strong></span> <span class='ocrx_word' id='word_1_101' title='bbox 935 2101 1004 2166; x_wconf 90' lang='lat' dir='ltr'><strong>ibat</strong></span> 
     </span>
     <span class='ocr_line' id='line_1_17' title="bbox 193 2208 1001 2294; baseline -0.002 -20"><span class='ocrx_word' id='word_1_102' title='bbox 193 2216 338 2275; x_wconf 88' lang='lat' dir='ltr'><strong>erectum</strong></span> <span class='ocrx_word' id='word_1_103' title='bbox 361 2208 481 2276; x_wconf 90' lang='lat' dir='ltr'><strong>domito</strong></span> <span class='ocrx_word' id='word_1_104' title='bbox 504 2210 652 2276; x_wconf 87' lang='lat' dir='ltr'><strong>referens</strong></span> <span class='ocrx_word' id='word_1_105' title='bbox 675 2217 825 2276; x_wconf 89' lang='lat' dir='ltr'><strong>amente</strong></span> <span class='ocrx_word' id='word_1_106' title='bbox 849 2210 1001 2294; x_wconf 84' lang='lat' dir='ltr'><strong>ligonem.</strong></span> 
     </span>
    </p>
   </div>
   <div class='ocr_carea' id='block_1_3' title="bbox 133 2388 1246 2546">
    <p class='ocr_par' dir='ltr' id='par_1_3' title="bbox 133 2388 1246 2546">
     <span class='ocr_line' id='line_1_18' title="bbox 211 2388 1246 2458; baseline 0.007 -17"><span class='ocrx_word' id='word_1_107' title='bbox 211 2390 253 2441; x_wconf 77' lang='lat'><strong>82.</strong></span> <span class='ocrx_word' id='word_1_108' title='bbox 290 2388 416 2458; x_wconf 78' lang='lat' dir='ltr'><strong>[Vergil]</strong></span> <span class='ocrx_word' id='word_1_109' title='bbox 433 2388 531 2445; x_wconf 86' lang='lat' dir='ltr'><strong>lloret</strong></span> <span class='ocrx_word' id='word_1_110' title='bbox 545 2391 578 2442; x_wconf 85' lang='grc'><strong>56</strong></span> <span class='ocrx_word' id='word_1_111' title='bbox 603 2390 698 2444; x_wconf 88' lang='lat' dir='ltr'><strong>durati</strong></span> <span class='ocrx_word' id='word_1_112' title='bbox 721 2389 780 2445; x_wconf 84' lang='lat' dir='ltr'><strong>sale</strong></span> <span class='ocrx_word' id='word_1_113' title='bbox 803 2396 885 2458; x_wconf 79' lang='lat' dir='ltr'><strong>terga</strong></span> <span class='ocrx_word' id='word_1_114' title='bbox 908 2389 969 2445; x_wconf 81' lang='lat' dir='ltr'><strong>suls</strong></span> <span class='ocrx_word' id='word_1_115' title='bbox 987 2389 1137 2458; x_wconf 87' lang='lat' dir='ltr'><strong>truncique</strong></span> <span class='ocrx_word' id='word_1_116' title='bbox 1162 2408 1246 2448; x_wconf 88' lang='lat' dir='ltr'><strong>vaca-</strong></span> 
     </span>
     <span class='ocr_line' id='line_1_19' title="bbox 133 2473 1193 2546; baseline -0.001 -17"><span class='ocrx_word' id='word_1_117' title='bbox 133 2480 181 2530; x_wconf 69' lang='lat' dir='ltr'><strong>unt.</strong></span> <span class='ocrx_word' id='word_1_118' title='bbox 222 2473 271 2529; x_wconf 85' lang='lat' dir='ltr'><strong>Or.</strong></span> <span class='ocrx_word' id='word_1_119' title='bbox 284 2473 349 2530; x_wconf 83' lang='lat' dir='ltr'><strong>llet.</strong></span> <span class='ocrx_word' id='word_1_120' title='bbox 363 2473 436 2529; x_wconf 90' lang='lat' dir='ltr'>VIII</span> <span class='ocrx_word' id='word_1_121' title='bbox 448 2476 499 2527; x_wconf 82' lang='lat'><strong>638</strong></span> <span class='ocrx_word' id='word_1_122' title='bbox 517 2474 635 2529; x_wconf 89' lang='lat' dir='ltr'><strong>sordida</strong></span> <span class='ocrx_word' id='word_1_123' title='bbox 652 2480 733 2542; x_wconf 79' lang='lat' dir='ltr'><strong>terga</strong></span> <span class='ocrx_word' id='word_1_124' title='bbox 750 2475 811 2530; x_wconf 90' lang='lat' dir='ltr'><strong>suis</strong></span> <span class='ocrx_word' id='word_1_125' title='bbox 828 2475 912 2543; x_wconf 75' lang='lat' dir='ltr'><strong>nigro</strong></span> <span class='ocrx_word' id='word_1_126' title='bbox 930 2474 1086 2543; x_wconf 87' lang='lat' dir='ltr'><strong>pendentia</strong></span> <span class='ocrx_word' id='word_1_127' title='bbox 1102 2476 1193 2546; x_wconf 74' lang='lat' dir='ltr'><strong>tigno.</strong></span> 
     </span>
    </p>
   </div>
   <div class='ocr_carea' id='block_1_4' title="bbox 173 2635 818 2789">
    <p class='ocr_par' dir='ltr' id='par_1_4' title="bbox 173 2635 818 2789">
     <span class='ocr_line' id='line_1_20' title="bbox 173 2635 818 2703; baseline 0 -14"><span class='ocrx_word' id='word_1_128' title='bbox 173 2639 218 2689; x_wconf 85' lang='grc'><strong>80.</strong></span> <span class='ocrx_word' id='word_1_129' title='bbox 253 2637 390 2692; x_wconf 84' lang='lat' dir='ltr'><strong>PriscIau.</strong></span> <span class='ocrx_word' id='word_1_130' title='bbox 404 2636 446 2692; x_wconf 88' lang='lat' dir='ltr'><strong>VI</strong></span> <span class='ocrx_word' id='word_1_131' title='bbox 460 2640 500 2703; x_wconf 89' lang='grc'><strong>10,</strong></span> <span class='ocrx_word' id='word_1_132' title='bbox 514 2639 547 2688; x_wconf 85' lang='grc'><strong>56</strong></span> <span class='ocrx_word' id='word_1_133' title='bbox 566 2635 648 2690; x_wconf 84' lang='lat' dir='ltr'><strong>GLK.</strong></span> <span class='ocrx_word' id='word_1_134' title='bbox 662 2636 763 2703; x_wconf 73' lang='lat'><strong>11241,</strong></span> <span class='ocrx_word' id='word_1_135' title='bbox 779 2639 818 2689; x_wconf 82' lang='grc'><strong>11.</strong></span> 
     </span>
     <span class='ocr_line' id='line_1_21' title="bbox 173 2721 814 2789; baseline -0.002 -15"><span class='ocrx_word' id='word_1_136' title='bbox 173 2724 217 2775; x_wconf 83' lang='grc'><strong>81.</strong></span> <span class='ocrx_word' id='word_1_137' title='bbox 254 2723 390 2778; x_wconf 80' lang='lat' dir='ltr'><strong>Priscian.</strong></span> <span class='ocrx_word' id='word_1_138' title='bbox 404 2722 477 2778; x_wconf 91' lang='lat' dir='ltr'>VIII</span> <span class='ocrx_word' id='word_1_139' title='bbox 489 2724 513 2788; x_wconf 84' lang='lat' dir='ltr'><strong>I,</strong></span> <span class='ocrx_word' id='word_1_140' title='bbox 528 2724 559 2776; x_wconf 78' lang='lat'><strong>³7</strong></span> <span class='ocrx_word' id='word_1_141' title='bbox 579 2721 661 2777; x_wconf 81' lang='lat' dir='ltr'><strong>GLK.</strong></span> <span class='ocrx_word' id='word_1_142' title='bbox 675 2723 777 2789; x_wconf 80' lang='lat'>11404,</span> <span class='ocrx_word' id='word_1_143' title='bbox 791 2725 814 2774; x_wconf 86' lang='lat'><strong>8.</strong></span> 
     </span>
    </p>
   </div>
   <div class='ocr_carea' id='block_1_5' title="bbox 133 2884 1246 4408">
    <p class='ocr_par' dir='ltr' id='par_1_5' title="bbox 133 2884 1245 3041">
     <span class='ocr_line' id='line_1_22' title="bbox 142 2884 1245 2955; baseline 0.001 -17"><span class='ocrx_word' id='word_1_144' title='bbox 142 2889 185 2952; x_wconf 80' lang='grc'><strong>10,</strong></span> <span class='ocrx_word' id='word_1_145' title='bbox 203 2886 234 2936; x_wconf 85' lang='grc'><strong>18</strong></span> <span class='ocrx_word' id='word_1_146' title='bbox 254 2887 332 2954; x_wconf 74' lang='lat' dir='ltr'><strong>(ptra)</strong></span> <span class='ocrx_word' id='word_1_147' title='bbox 345 2885 473 2954; x_wconf 74' lang='lat' dir='ltr'><strong>Signina,</strong></span> <span class='ocrx_word' id='word_1_148' title='bbox 492 2884 654 2951; x_wconf 89' lang='lat' dir='ltr'><strong>Tarentina,</strong></span> <span class='ocrx_word' id='word_1_149' title='bbox 673 2900 746 2953; x_wconf 88' lang='lat' dir='ltr'><strong>quae</strong></span> <span class='ocrx_word' id='word_1_150' title='bbox 758 2885 843 2955; x_wconf 84' lang='lat' dir='ltr'><strong>Syrie</strong></span> <span class='ocrx_word' id='word_1_151' title='bbox 855 2886 996 2941; x_wconf 89' lang='lat' dir='ltr'><strong>dicuntur.</strong></span> <span class='ocrx_word' id='word_1_152' title='bbox 1025 2886 1105 2942; x_wconf 84' lang='lat' dir='ltr'><strong>biart.</strong></span> <span class='ocrx_word' id='word_1_153' title='bbox 1119 2886 1145 2940; x_wconf 92' lang='lat' dir='ltr'>V</span> <span class='ocrx_word' id='word_1_154' title='bbox 1158 2890 1199 2952; x_wconf 80' lang='lat'><strong>78,</strong></span> <span class='ocrx_word' id='word_1_155' title='bbox 1214 2889 1245 2939; x_wconf 80' lang='lat'><strong>12</strong></span> 
     </span>
     <span class='ocr_line' id='line_1_23' title="bbox 133 2970 1028 3041; baseline -0.002 -15"><span class='ocrx_word' id='word_1_156' title='bbox 133 2976 265 3027; x_wconf 77' lang='lat' dir='ltr'><strong>arcentes</strong></span> <span class='ocrx_word' id='word_1_157' title='bbox 280 3000 315 3011; x_wconf 92' lang='lat'>—</span> <span class='ocrx_word' id='word_1_158' title='bbox 333 2986 407 3026; x_wconf 86' lang='lat' dir='ltr'><strong>uvae</strong></span> <span class='ocrx_word' id='word_1_159' title='bbox 425 2971 463 3025; x_wconf 82' lang='lat' dir='ltr'><strong>Et</strong></span> <span class='ocrx_word' id='word_1_160' title='bbox 479 2986 582 3025; x_wconf 90' lang='lat' dir='ltr'><strong>nomen</strong></span> <span class='ocrx_word' id='word_1_161' title='bbox 600 2971 664 3039; x_wconf 88' lang='lat' dir='ltr'><strong>pira</strong></span> <span class='ocrx_word' id='word_1_162' title='bbox 682 2986 756 3041; x_wconf 86' lang='lat' dir='ltr'><strong>quae</strong></span> <span class='ocrx_word' id='word_1_163' title='bbox 773 2970 869 3026; x_wconf 84' lang='lat' dir='ltr'><strong>ferunt</strong></span> <span class='ocrx_word' id='word_1_164' title='bbox 886 2970 1028 3041; x_wconf 86' lang='lat' dir='ltr'><strong>Syrorum.</strong></span> 
     </span>
    </p>

    <p class='ocr_par' dir='ltr' id='par_1_6' title="bbox 133 3055 1246 3710">
     <span class='ocr_line' id='line_1_24' title="bbox 173 3055 1245 3122; baseline 0.003 -15"><span class='ocrx_word' id='word_1_165' title='bbox 173 3058 218 3107; x_wconf 81' lang='lat'><strong>75.</strong></span> <span class='ocrx_word' id='word_1_166' title='bbox 238 3058 277 3108; x_wconf 79' lang='lat'><strong>76.</strong></span> <span class='ocrx_word' id='word_1_167' title='bbox 320 3055 413 3111; x_wconf 87' lang='lat' dir='ltr'><strong>Wenn</strong></span> <span class='ocrx_word' id='word_1_168' title='bbox 435 3056 477 3111; x_wconf 91' lang='lat' dir='ltr'><strong>sie</strong></span> <span class='ocrx_word' id='word_1_169' title='bbox 501 3057 557 3111; x_wconf 92' lang='lat' dir='ltr'><strong>den</strong></span> <span class='ocrx_word' id='word_1_170' title='bbox 581 3056 696 3122; x_wconf 87' lang='lat' dir='ltr'><strong>Herbst,</strong></span> <span class='ocrx_word' id='word_1_171' title='bbox 726 3057 777 3112; x_wconf 85' lang='lat' dir='ltr'><strong>das</strong></span> <span class='ocrx_word' id='word_1_172' title='bbox 799 3055 970 3112; x_wconf 78' lang='lat' dir='ltr'><strong>Sobiidlichc</strong></span> <span class='ocrx_word' id='word_1_173' title='bbox 998 3058 1048 3112; x_wconf 88' lang='lat' dir='ltr'><strong>der</strong></span> <span class='ocrx_word' id='word_1_174' title='bbox 1070 3055 1245 3112; x_wconf 83' lang='lat' dir='ltr'><strong>Herbstrelfe</strong></span> 
     </span>
     <span class='ocr_line' id='line_1_25' title="bbox 133 3140 1246 3210; baseline 0.001 -15"><span class='ocrx_word' id='word_1_175' title='bbox 133 3140 253 3197; x_wconf 65' lang='lat' dir='ltr'><strong>,eianclr</strong></span> <span class='ocrx_word' id='word_1_176' title='bbox 270 3141 335 3197; x_wconf 83' lang='lat' dir='ltr'><strong>‘den</strong></span> <span class='ocrx_word' id='word_1_177' title='bbox 353 3140 592 3206; x_wconf 82' lang='lat' dir='ltr'><strong>Herbstzustand&#39;)</strong></span> <span class='ocrx_word' id='word_1_178' title='bbox 612 3140 745 3210; x_wconf 84' lang='lat' dir='ltr'><strong>abgelegt</strong></span> <span class='ocrx_word' id='word_1_179' title='bbox 761 3141 860 3196; x_wconf 88' lang='lat' dir='ltr'><strong>baben.</strong></span> <span class='ocrx_word' id='word_1_180' title='bbox 897 3141 1059 3196; x_wconf 85' lang='lat' dir='ltr'><strong>Autumnus</strong></span> <span class='ocrx_word' id='word_1_181' title='bbox 1071 3157 1104 3195; x_wconf 87' lang='lat' dir='ltr'><strong>so</strong></span> <span class='ocrx_word' id='word_1_182' title='bbox 1119 3142 1174 3196; x_wconf 86' lang='lat' dir='ltr'><strong>wol</strong></span> <span class='ocrx_word' id='word_1_183' title='bbox 1192 3157 1246 3196; x_wconf 91' lang='lat' dir='ltr'><strong>nur</strong></span> 
     </span>
     <span class='ocr_line' id='line_1_26' title="bbox 133 3224 1243 3296; baseline -0.003 -14"><span class='ocrx_word' id='word_1_184' title='bbox 133 3243 171 3283; x_wconf 88' lang='lat' dir='ltr'><strong>er.</strong></span> <span class='ocrx_word' id='word_1_185' title='bbox 197 3225 360 3295; x_wconf 82' lang='lat' dir='ltr'><strong>Lagerreife</strong></span> <span class='ocrx_word' id='word_1_186' title='bbox 373 3224 477 3296; x_wconf 85' lang='lat' dir='ltr'><strong>Aepfel</strong></span> <span class='ocrx_word' id='word_1_187' title='bbox 497 3228 594 3296; x_wconf 76' lang='lat' dir='ltr'><strong>galtsn</strong></span> <span class='ocrx_word' id='word_1_188' title='bbox 611 3226 656 3281; x_wconf 84' lang='lat' dir='ltr'><strong>llir</strong></span> <span class='ocrx_word' id='word_1_189' title='bbox 674 3227 816 3295; x_wconf 82' lang='lat' dir='ltr'><strong>gestinder</strong></span> <span class='ocrx_word' id='word_1_190' title='bbox 835 3227 877 3281; x_wconf 87' lang='lat' dir='ltr'><strong>als</strong></span> <span class='ocrx_word' id='word_1_191' title='bbox 895 3225 1006 3282; x_wconf 83' lang='lat' dir='ltr'><strong>trische.</strong></span> <span class='ocrx_word' id='word_1_192' title='bbox 1032 3225 1124 3281; x_wconf 84' lang='lat' dir='ltr'><strong>Sobel.</strong></span> <span class='ocrx_word' id='word_1_193' title='bbox 1143 3225 1243 3281; x_wconf 90' lang='lat' dir='ltr'><strong>bieme.</strong></span> 
     </span>
     <span class='ocr_line' id='line_1_27' title="bbox 133 3311 1244 3379; baseline -0.004 -12"><span class='ocrx_word' id='word_1_194' title='bbox 133 3329 168 3368; x_wconf 80' lang='lat' dir='ltr'><strong>‚m</strong></span> <span class='ocrx_word' id='word_1_195' title='bbox 193 3313 273 3368; x_wconf 87' lang='lat' dir='ltr'><strong>sicca</strong></span> <span class='ocrx_word' id='word_1_196' title='bbox 298 3328 383 3379; x_wconf 87' lang='lat' dir='ltr'><strong>poma</strong></span> <span class='ocrx_word' id='word_1_197' title='bbox 403 3328 461 3368; x_wconf 90' lang='lat' dir='ltr'><strong>uon</strong></span> <span class='ocrx_word' id='word_1_198' title='bbox 489 3313 611 3367; x_wconf 85' lang='lat' dir='ltr'><strong>incitant</strong></span> <span class='ocrx_word' id='word_1_199' title='bbox 640 3312 767 3368; x_wconf 86' lang='lat' dir='ltr'><strong>morbum</strong></span> <span class='ocrx_word' id='word_1_200' title='bbox 794 3311 909 3367; x_wconf 92' lang='lat' dir='ltr'><strong>bumore</strong></span> <span class='ocrx_word' id='word_1_201' title='bbox 936 3312 1040 3366; x_wconf 74' lang='lat' dir='ltr'><strong>occiso</strong></span> <span class='ocrx_word' id='word_1_202' title='bbox 1068 3318 1244 3379; x_wconf 88' lang='lat' dir='ltr'><strong>consumpto.</strong></span> 
     </span>
     <span class='ocr_line' id='line_1_28' title="bbox 133 3396 1245 3466; baseline -0.002 -12"><span class='ocrx_word' id='word_1_203' title='bbox 133 3398 259 3466; x_wconf 81' lang='lat' dir='ltr'><strong>ugustin.</strong></span> <span class='ocrx_word' id='word_1_204' title='bbox 278 3398 323 3453; x_wconf 86' lang='lat' dir='ltr'><strong>De</strong></span> <span class='ocrx_word' id='word_1_205' title='bbox 341 3412 408 3453; x_wconf 90' lang='lat' dir='ltr'><strong>mor.</strong></span> <span class='ocrx_word' id='word_1_206' title='bbox 420 3397 541 3452; x_wconf 82' lang='lat' dir='ltr'><strong>Manicb.</strong></span> <span class='ocrx_word' id='word_1_207' title='bbox 560 3401 575 3460; x_wconf 68' lang='grc' dir='ltr'><strong>ξ</strong></span> <span class='ocrx_word' id='word_1_208' title='bbox 594 3398 627 3449; x_wconf 81' lang='grc'><strong>13</strong></span> <span class='ocrx_word' id='word_1_209' title='bbox 646 3396 735 3451; x_wconf 88' lang='lat' dir='ltr'><strong>multa</strong></span> <span class='ocrx_word' id='word_1_210' title='bbox 746 3426 780 3435; x_wconf 92' lang='lat'>-</span> <span class='ocrx_word' id='word_1_211' title='bbox 793 3402 892 3464; x_wconf 80' lang='lat' dir='ltr'><strong>carpta</strong></span> <span class='ocrx_word' id='word_1_212' title='bbox 904 3397 939 3451; x_wconf 90' lang='lat' dir='ltr'><strong>de</strong></span> <span class='ocrx_word' id='word_1_213' title='bbox 951 3396 1100 3452; x_wconf 78' lang='lat' dir='ltr'><strong>arboribus</strong></span> <span class='ocrx_word' id='word_1_214' title='bbox 1112 3427 1147 3434; x_wconf 97' lang='lat'>-</span> <span class='ocrx_word' id='word_1_215' title='bbox 1159 3397 1245 3452; x_wconf 86' lang='lat' dir='ltr'><strong>iuter-</strong></span> 
     </span>
     <span class='ocr_line' id='line_1_29' title="bbox 133 3481 1245 3552; baseline 0.001 -17"><span class='ocrx_word' id='word_1_216' title='bbox 133 3485 249 3539; x_wconf 80' lang='lat' dir='ltr'><strong>·sitioue</strong></span> <span class='ocrx_word' id='word_1_217' title='bbox 268 3482 365 3552; x_wconf 84' lang='lat' dir='ltr'><strong>eliqua</strong></span> <span class='ocrx_word' id='word_1_218' title='bbox 382 3483 518 3552; x_wconf 86' lang='lat' dir='ltr'><strong>temporis</strong></span> <span class='ocrx_word' id='word_1_219' title='bbox 541 3481 659 3537; x_wconf 89' lang='lat' dir='ltr'><strong>meliora</strong></span> <span class='ocrx_word' id='word_1_220' title='bbox 681 3482 850 3548; x_wconf 89' lang='lat' dir='ltr'><strong>redduntur,</strong></span> <span class='ocrx_word' id='word_1_221' title='bbox 873 3488 957 3537; x_wconf 91' lang='lat' dir='ltr'><strong>ut-</strong></span> <span class='ocrx_word' id='word_1_222' title='bbox 975 3498 1048 3536; x_wconf 86' lang='lat' dir='ltr'><strong>uvae</strong></span> <span class='ocrx_word' id='word_1_223' title='bbox 1072 3482 1146 3537; x_wconf 89' lang='lat' dir='ltr'><strong>mala</strong></span> <span class='ocrx_word' id='word_1_224' title='bbox 1162 3511 1197 3522; x_wconf 89' lang='lat'><strong>—</strong></span> <span class='ocrx_word' id='word_1_225' title='bbox 1216 3489 1245 3537; x_wconf 92' lang='lat' dir='ltr'><strong>et</strong></span> 
     </span>
     <span class='ocr_line' id='line_1_30' title="bbox 133 3568 1244 3637; baseline -0.004 -12"><span class='ocrx_word' id='word_1_226' title='bbox 133 3570 244 3625; x_wconf 73' lang='lat' dir='ltr'><strong>caedam</strong></span> <span class='ocrx_word' id='word_1_227' title='bbox 265 3569 330 3637; x_wconf 79' lang='lat' dir='ltr'><strong>pite</strong></span> <span class='ocrx_word' id='word_1_228' title='bbox 352 3598 386 3608; x_wconf 94' lang='lat'>—</span> <span class='ocrx_word' id='word_1_229' title='bbox 413 3574 443 3624; x_wconf 89' lang='lat' dir='ltr'><strong>et</strong></span> <span class='ocrx_word' id='word_1_230' title='bbox 466 3583 584 3637; x_wconf 89' lang='lat' dir='ltr'><strong>corpore</strong></span> <span class='ocrx_word' id='word_1_231' title='bbox 607 3569 760 3637; x_wconf 89' lang='lat' dir='ltr'><strong>capiuntur</strong></span> <span class='ocrx_word' id='word_1_232' title='bbox 783 3568 926 3624; x_wconf 86' lang='lat' dir='ltr'><strong>salubrius</strong></span> <span class='ocrx_word' id='word_1_233' title='bbox 950 3574 979 3623; x_wconf 88' lang='lat' dir='ltr'><strong>et</strong></span> <span class='ocrx_word' id='word_1_234' title='bbox 1001 3569 1117 3637; x_wconf 90' lang='lat' dir='ltr'><strong>sapiunt</strong></span> <span class='ocrx_word' id='word_1_235' title='bbox 1140 3569 1170 3622; x_wconf 92' lang='lat' dir='ltr'><strong>in</strong></span> <span class='ocrx_word' id='word_1_236' title='bbox 1195 3583 1244 3622; x_wconf 91' lang='lat' dir='ltr'><strong>ore</strong></span> 
     </span>
     <span class='ocr_line' id='line_1_31' title="bbox 133 3656 260 3710; baseline -0.016 -1"><span class='ocrx_word' id='word_1_237' title='bbox 133 3656 260 3710; x_wconf 88' lang='lat' dir='ltr'><strong>detius.</strong></span> 
     </span>
    </p>

    <p class='ocr_par' dir='ltr' id='par_1_7' title="bbox 172 3740 504 3807">
     <span class='ocr_line' id='line_1_32' title="bbox 172 3740 504 3807; baseline 0.003 -17"><span class='ocrx_word' id='word_1_238' title='bbox 172 3743 214 3792; x_wconf 77' lang='lat' dir='ltr'><strong>te.</strong></span> <span class='ocrx_word' id='word_1_239' title='bbox 255 3740 344 3795; x_wconf 77' lang='lat' dir='ltr'><strong>Curio.</strong></span> <span class='ocrx_word' id='word_1_240' title='bbox 380 3741 420 3796; x_wconf 86' lang='lat' dir='ltr'><strong>Zn</strong></span> <span class='ocrx_word' id='word_1_241' title='bbox 438 3743 461 3807; x_wconf 81' lang='lat'><strong>2,</strong></span> <span class='ocrx_word' id='word_1_242' title='bbox 481 3741 504 3791; x_wconf 85' lang='lat'><strong>3.</strong></span> 
     </span>
    </p>

    <p class='ocr_par' dir='ltr' id='par_1_8' title="bbox 133 3823 1245 3980">
     <span class='ocr_line' id='line_1_33' title="bbox 171 3823 1245 3893; baseline -0.001 -14"><span class='ocrx_word' id='word_1_243' title='bbox 171 3827 258 3879; x_wconf 71' lang='lat' dir='ltr'><strong>boeto.</strong></span> <span class='ocrx_word' id='word_1_244' title='bbox 297 3825 609 3881; x_wconf 70' lang='lat' dir='ltr'><strong>summumst</strong></span> <span class='ocrx_word' id='word_1_245' title='bbox 640 3824 749 3881; x_wconf 84' lang='lat' dir='ltr'><strong>Romae</strong></span> <span class='ocrx_word' id='word_1_246' title='bbox 776 3825 891 3893; x_wconf 90' lang='lat' dir='ltr'><strong>quidem</strong></span> <span class='ocrx_word' id='word_1_247' title='bbox 917 3839 968 3893; x_wconf 92' lang='lat' dir='ltr'><strong>per</strong></span> <span class='ocrx_word' id='word_1_248' title='bbox 994 3839 1024 3878; x_wconf 93' lang='lat' dir='ltr'><strong>se</strong></span> <span class='ocrx_word' id='word_1_249' title='bbox 1051 3823 1149 3877; x_wconf 88' lang='lat' dir='ltr'><strong>hortus</strong></span> <span class='ocrx_word' id='word_1_250' title='bbox 1175 3838 1245 3891; x_wconf 77' lang='lat' dir='ltr'><strong>eger</strong></span> 
     </span>
     <span class='ocr_line' id='line_1_34' title="bbox 133 3909 1242 3980; baseline -0.005 -14"><span class='ocrx_word' id='word_1_251' title='bbox 133 3912 239 3980; x_wconf 75' lang='lat' dir='ltr'><strong>ruperis</strong></span> <span class='ocrx_word' id='word_1_252' title='bbox 252 3917 318 3966; x_wconf 84' lang='lat' dir='ltr'><strong>erat.</strong></span> <span class='ocrx_word' id='word_1_253' title='bbox 347 3914 379 3965; x_wconf 75' lang='lat'><strong>52</strong></span> <span class='ocrx_word' id='word_1_254' title='bbox 398 3926 433 3966; x_wconf 86' lang='lat' dir='ltr'><strong>ex</strong></span> <span class='ocrx_word' id='word_1_255' title='bbox 444 3911 527 3967; x_wconf 84' lang='lat' dir='ltr'><strong>horto</strong></span> <span class='ocrx_word' id='word_1_256' title='bbox 540 3910 635 3980; x_wconf 88' lang='lat' dir='ltr'><strong>plebei</strong></span> <span class='ocrx_word' id='word_1_257' title='bbox 652 3910 807 3976; x_wconf 86' lang='lat' dir='ltr'><strong>macellum,</strong></span> <span class='ocrx_word' id='word_1_258' title='bbox 826 3915 933 3978; x_wconf 88' lang='lat' dir='ltr'><strong>quanto</strong></span> <span class='ocrx_word' id='word_1_259' title='bbox 946 3909 1141 3964; x_wconf 89' lang='lat' dir='ltr'><strong>iunocentiore</strong></span> <span class='ocrx_word' id='word_1_260' title='bbox 1154 3909 1242 3963; x_wconf 84' lang='lat' dir='ltr'><strong>victu.</strong></span> 
     </span>
    </p>

    <p class='ocr_par' dir='ltr' id='par_1_9' title="bbox 133 3993 1240 4143">
     <span class='ocr_line' id='line_1_35' title="bbox 172 3993 1240 4066; baseline -0.003 -16"><span class='ocrx_word' id='word_1_261' title='bbox 172 4000 215 4050; x_wconf 84' lang='grc'><strong>81.</strong></span> <span class='ocrx_word' id='word_1_262' title='bbox 252 3999 338 4051; x_wconf 79' lang='lat' dir='ltr'><strong>calca.</strong></span> <span class='ocrx_word' id='word_1_263' title='bbox 378 3997 567 4066; x_wconf 86' lang='lat' dir='ltr'><strong>Hor.Epp.I</strong></span> <span class='ocrx_word' id='word_1_264' title='bbox 587 3998 675 4064; x_wconf 81' lang='grc'><strong>15,11</strong></span> <span class='ocrx_word' id='word_1_265' title='bbox 700 3995 741 4050; x_wconf 89' lang='lat' dir='ltr'><strong>nil</strong></span> <span class='ocrx_word' id='word_1_266' title='bbox 768 3995 855 4050; x_wconf 84' lang='lat' dir='ltr'><strong>vulva</strong></span> <span class='ocrx_word' id='word_1_267' title='bbox 877 3996 1022 4064; x_wconf 90' lang='lat' dir='ltr'><strong>pulchrius</strong></span> <span class='ocrx_word' id='word_1_268' title='bbox 1045 3993 1145 4063; x_wconf 77' lang='lat' dir='ltr'><strong>ampla.</strong></span> <span class='ocrx_word' id='word_1_269' title='bbox 1185 3994 1240 4048; x_wconf 92' lang='lat' dir='ltr'><strong>Prl.</strong></span> 
     </span>
     <span class='ocr_line' id='line_1_36' title="bbox 133 4084 224 4143; baseline 0.011 -11"><span class='ocrx_word' id='word_1_270' title='bbox 133 4086 161 4143; x_wconf 72' lang='lat'><strong>29,</strong></span> <span class='ocrx_word' id='word_1_271' title='bbox 183 4084 224 4134; x_wconf 81' lang='lat'><strong>12.</strong></span> 
     </span>
    </p>

    <p class='ocr_par' dir='ltr' id='par_1_10' title="bbox 166 4167 488 4238">
     <span class='ocr_line' id='line_1_37' title="bbox 166 4167 488 4238; baseline 0 -19"><span class='ocrx_word' id='word_1_272' title='bbox 166 4167 296 4238; x_wconf 76' lang='lat' dir='ltr'><strong>popinae.</strong></span> <span class='ocrx_word' id='word_1_273' title='bbox 332 4169 373 4223; x_wconf 87' lang='lat' dir='ltr'><strong>Zu</strong></span> <span class='ocrx_word' id='word_1_274' title='bbox 392 4170 488 4236; x_wconf 78' lang='lat'>8,172.</span> 
     </span>
    </p>

    <p class='ocr_par' dir='ltr' id='par_1_11' title="bbox 172 4251 877 4322">
     <span class='ocr_line' id='line_1_38' title="bbox 172 4251 877 4322; baseline -0.007 -16"><span class='ocrx_word' id='word_1_275' title='bbox 172 4255 213 4306; x_wconf 78' lang='lat'><strong>84.</strong></span> <span class='ocrx_word' id='word_1_276' title='bbox 252 4253 363 4321; x_wconf 80' lang='lat' dir='ltr'><strong>tardum,</strong></span> <span class='ocrx_word' id='word_1_277' title='bbox 381 4252 720 4322; x_wconf 81' lang='lat' dir='ltr'><strong>Schwemepckelfleisch.</strong></span> <span class='ocrx_word' id='word_1_278' title='bbox 750 4251 806 4306; x_wconf 93' lang='lat' dir='ltr'><strong>Prl.</strong></span> <span class='ocrx_word' id='word_1_279' title='bbox 819 4251 877 4302; x_wconf 80' lang='lat'>4³0.</span> 
     </span>
    </p>

    <p class='ocr_par' dir='ltr' id='par_1_12' title="bbox 172 4334 1241 4408">
     <span class='ocr_line' id='line_1_39' title="bbox 172 4334 1241 4408; baseline -0.004 -16"><span class='ocrx_word' id='word_1_280' title='bbox 172 4340 214 4393; x_wconf 80' lang='lat'><strong>89.</strong></span> <span class='ocrx_word' id='word_1_281' title='bbox 252 4338 356 4392; x_wconf 73' lang='lat' dir='ltr'><strong>comio.</strong></span> <span class='ocrx_word' id='word_1_282' title='bbox 386 4338 472 4408; x_wconf 78' lang='lat' dir='ltr'><strong>Verg.</strong></span> <span class='ocrx_word' id='word_1_283' title='bbox 485 4337 520 4394; x_wconf 83' lang='grc' dir='ltr'><strong>Δ.</strong></span> <span class='ocrx_word' id='word_1_284' title='bbox 531 4339 574 4394; x_wconf 94' lang='lat' dir='ltr'><strong>IX</strong></span> <span class='ocrx_word' id='word_1_285' title='bbox 584 4342 633 4392; x_wconf 84' lang='lat'><strong>608</strong></span> <span class='ocrx_word' id='word_1_286' title='bbox 652 4336 714 4393; x_wconf 81' lang='lat' dir='ltr'><strong>Aut</strong></span> <span class='ocrx_word' id='word_1_287' title='bbox 725 4337 823 4393; x_wconf 86' lang='lat' dir='ltr'><strong>rastris</strong></span> <span class='ocrx_word' id='word_1_288' title='bbox 834 4341 938 4394; x_wconf 82' lang='lat' dir='ltr'><strong>terrum</strong></span> <span class='ocrx_word' id='word_1_289' title='bbox 950 4337 1052 4391; x_wconf 84' lang='lat' dir='ltr'><strong>domat.</strong></span> <span class='ocrx_word' id='word_1_290' title='bbox 1072 4335 1141 4392; x_wconf 81' lang='lat' dir='ltr'><strong>Stat.</strong></span> <span class='ocrx_word' id='word_1_291' title='bbox 1151 4334 1241 4392; x_wconf 82' lang='lat' dir='ltr'><strong>Theb.</strong></span> 
     </span>
    </p>
   </div>
   <div class='ocr_carea' id='block_1_6' title="bbox 0 0 1448 4936">
    <p class='ocr_par' dir='ltr' id='par_1_13' title="bbox 0 0 1448 4936">
     <span class='ocr_line' id='line_1_40' title="bbox 0 0 1448 4936; baseline 0 0"><span class='ocrx_word' id='word_1_292' title='bbox 0 0 1448 4936; x_wconf 95' lang='lat' dir='ltr'><strong> </strong></span> 
     </span>
    </p>
   </div>
  </div>
 </body>
</html>
