2888 4936
412 341 497 396 Liber
514 340 664 398 sccundus.
701 339 804 397 Satura
821 340 870 395 VI.

148 515 299 580 intravit
320 511 460 578 calidum
483 511 588 578 veteri
610 519 745 579 ccntone
768 514 906 595 lupanar

164 635 198 692 et
220 626 337 692 cellam
358 644 496 691 vacuam
518 631 616 708 atque
639 643 740 705 suam,
763 632 841 691 tunc
863 623 952 690 nuda
972 625 1106 710 papillis

163 739 305 821 prostitit
326 737 450 803 auratis
473 737 602 802 titulum
624 737 760 801 mentita
782 736 939 819 Lyciscae

164 849 369 931 ostenditque
391 855 490 928 tuum,
514 866 671 932 generose
691 847 887 930 Britannice,
913 857 1072 928 ventrem;

82 969 140 1025 125
165 962 297 1046 excepit
319 960 441 1027 blanda
463 961 616 1026 intrantis
638 966 738 1042 atque
760 979 839 1025 aera
861 961 1016 1045 poposcit.

163 1075 214 1158 [ac
236 1074 392 1156 resupina
414 1073 527 1138 iacens
549 1071 723 1139 multorum
745 1071 914 1138 absorbuit
936 1072 1030 1153 ictus]

183 1248 240 1296 121.
271 1249 336 1314 post
355 1250 403 1299 126
417 1245 511 1314 posuit
529 1243 685 1297 Ackaintrc.

183 1333 240 1384 126.
281 1333 337 1385 Om.
357 1331 411 1384 Pa.
448 1326 541 1384 ‘Hunc
558 1348 663 1384 vasam
680 1335 759 1384 antea
778 1348 913 1400 nunquam
932 1330 1089 1400 impressum
1101 1350 1133 1386 ca
1144 1333 1213 1386 anti·

78 1437 128 1488 qao
151 1419 220 1471 libro
241 1417 285 1472 bic
301 1416 424 1486 primum
445 1412 569 1486 reposui?
593 1417 759 1471 Pulmaaaus
780 1416 844 1486 (qai
866 1434 925 1470 cum
943 1422 1007 1487 post
1033 1424 1082 1472 129
1100 1423 1213 1488 posuit).

80 1504 134 1566 ραι·
145 1503 323 1570 tradiderunt,
331 1502 406 1558 caria
415 1502 545 1557 collocant
556 1506 582 1556 ot
593 1501 713 1555 cadunt
725 1503 926 1572 (continueque
939 1503 1036 1560 iacens
1048 1511 1214 1560 cunctorum

79 1589 247 1656 [multorum]
265 1589 413 1645 absorbuit
431 1589 514 1652 ictus)
534 1589 577 1642 Eo
595 1589 650 1642 loco
669 1606 720 1658 quo
738 1606 807 1641 nunc
825 1588 923 1658 lepitur
937 1589 1031 1658 posuit
1049 1589 1212 1644 chm'ns'us.

79 1677 228 1731 Damnavit
245 1676 328 1729 Jahn.

84 1775 282 1784 -—-——-

183 1815 261 1880 [itta]
299 1812 379 1867 ovid.
392 1812 456 1868 idet.
471 1811 513 1868 IV
527 1812 573 1864 121
593 1818 627 1868 ut
639 1812 729 1867 iacuit
741 1813 892 1881 resupinus
903 1813 997 1880 humo,
1016 1831 1098 1870 cruor
1111 1814 1215 1870 emicat

79 1901 133 1956 alte
152 1900 212 1955 XII
226 1901 275 1952 324
293 1897 428 1964 fraxinus,
446 1905 480 1954 ut
498 1913 566 1953 casu
585 1898 676 1953 iacuit
692 1899 851 1967 resupinus,
871 1900 974 1954 adacta
992 1907 1042 1957 est.

148 2037 206 2087 121.
242 2035 378 2091 miseran.
392 2034 449 2090 v11
464 2037 503 2102 12,
517 2037 549 2087 sn
567 2013 649 2092 anx.
662 2036 692 2090 11
705 2037 763 2102 aas,
779 2038 818 2089 11.

148 2174 206 2224 121.
243 2173 358 2227 calidum
375 2204 409 2213 -
428 2180 535 2228 contorta
553 2175 676 2244 lupanar.
712 2173 768 2228 Die
786 2174 936 2243 Eingdnge
954 2175 1004 2230 der
1021 2175 1152 2233 Bordelie
1170 2193 1214 2232 so·

78 2261 131 2314 uie
159 2259 209 2314 dcr
237 2259 386 2316 einzelnen
404 2260 499 2315 Zellen
522 2258 670 2315 derselben
696 2274 791 2314 waren
816 2259 869 2315 mit
894 2265 1030 2316 centones
1053 2262 1121 2317 oder
1148 2262 1215 2317 vela

78 2349 260 2417 geschlossen
278 2346 338 2402 und
355 2346 482 2400 dadurch
499 2345 542 2400 ihr
560 2346 677 2402 Inneres
695 2360 753 2400 von
771 2346 820 2401 der
842 2343 933 2401 freien
950 2345 1018 2402 Luft
1041 2347 1214 2417 abgesperrt.

79 2436 182 2491 Patron
201 2436 224 2486 7.
244 2437 277 2487 ut
300 2432 329 2487 in
351 2432 447 2487 locum
468 2431 649 2488 secretiorem
672 2431 815 2498 venimus,
840 2437 988 2488 centonem
1012 2448 1083 2488 anus
1106 2434 1216 2489 urbana

80 2521 186 2578 reiecit.
205 2520 285 2575 Mart.
299 2518 342 2572 XI
354 2520 396 2585 45,
409 2520 424 2570 3
438 2517 595 2574 Contentus
609 2534 667 2573 non
679 2532 710 2573 es
722 2516 838 2585 foribus,
857 2518 978 2587 veloque
990 2533 1109 2588 seraque
1121 2519 1136 2573 I
1149 2522 1214 2584 ³5‚5

79 2605 117 2660 At
134 2606 268 2661 meretrix
286 2604 379 2673 abigit
396 2609 497 2661 testem
514 2604 636 2673 veloque
655 2617 780 2672 seraque.

147 2708 259 2744 vacuam
276 2695 356 2759 atque
373 2709 454 2743 sumn.
486 2691 542 2745 Dis
560 2691 603 2745 ihr
621 2689 824 2745 vorbebaltone
842 2691 901 2744 und
914 2690 1028 2746 deshalb
1044 2691 1118 2746 leere
1131 2691 1214 2746 Zelle.

149 2779 198 2829 122
207 2792 243 2831 ss.
279 2776 391 2832 Petron.
406 2778 428 2828 7.
443 2777 527 2832 video
546 2776 682 2845 quosdam
696 2776 770 2831 inter
783 2775 883 2831 titulos
895 2777 1043 2846 nudasque
1055 2779 1216 2832 meretrices

80 2862 175 2918 furtim
188 2863 409 2931 conspatiantes.
434 2861 535 2928 Tarde,
555 2863 638 2917 immo
657 2862 713 2916 iam
730 2878 802 2928 sero,
821 2862 958 2928 intellexi,
976 2878 1021 2917 me
1038 2863 1067 2917 in
1079 2861 1216 2919 fornicem

81 2964 140 3004 esse
160 2948 321 3003 deductum.

147 3033 242 3089 Ueber
258 3034 371 3086 nuda—
375 3034 501 3104 prostitit
519 3050 554 3088 uu
572 3035 667 3099 3,135.
689 3035 737 3087 136
750 3051 777 3088 ιι.
793 3036 832 3098 111,
846 3036 904 3086 239.

150 3121 205 3172 122.
240 3119 355 3189 papillis
381 3121 436 3173 123.
456 3149 489 3158 -
507 3119 619 3173 auratis.
661 3121 733 3174 Eine
759 3125 839 3175 sonst
862 3120 983 3189 nirgend
1001 3121 1143 3176 erwiibnte
1161 3120 1216 3177 Art

81 3208 129 3261 des
147 3204 311 3262 Schmucks.

152 3293 207 3343 123,
244 3291 353 3344 titulum
370 3291 480 3344 abacta
498 3290 633 3360 Lycisca.
664 3290 961 3347 DieUeberscbriften
980 3293 1029 3346 der
1042 3293 1137 3348 Zellen
1156 3301 1216 3348 cnt-

81 3378 186 3433 hielten
214 3377 261 3431 die
288 3377 395 3432 Namen
423 3377 471 3432 der
494 3376 711 3432 Inhaberinnen.
759 3377 823 3446 Vgl.
843 3392 939 3433 ausser
960 3378 1071 3432 Petron.
1090 3382 1104 3430 7
1126 3379 1215 3444 {obenl

81 3464 187 3519 Seneca
205 3461 299 3517 Gontr.
318 3463 396 3529 12,1
416 3462 553 3531 accepisti
572 3462 674 3530 locum,
696 3464 818 3533 pretium
837 3465 1023 3521 constitutum
1041 3472 1092 3526 est,
1115 3464 1217 3520 titulus

83 3550 235 3618 inscriptus
262 3554 312 3603 est.
349 3547 423 3602 [bs
448 3549 580 3603 meretrix
606 3555 710 3603 vocata
733 3565 763 3605 es
786 3579 819 3587 —
846 3551 1042 3619 superpositus
1067 3555 1111 3605 est
1128 3549 1217 3606 cellae

80 3643 145 3691 tuae
164 3635 266 3691 titulus
284 3637 298 3684 1
318 3649 420 3689 nornen
438 3639 517 3688 tuum
534 3635 672 3704 pependit
690 3636 720 3689 in
737 3634 837 3691 fronte.

149 3723 207 3776 Der
224 3721 312 3776 Name
331 3720 444 3790 Lyram
462 3720 534 3775 auch
551 3721 630 3775 biart.
643 3721 686 3775 IV
702 3725 739 3774 17.

150 3808 207 3859 124.
244 3811 319 3859 tuom
337 3835 372 3844 -
390 3805 558 3873 Britannice,
577 3811 694 3859 ventrem
712 3808 767 3863 den
786 3806 914 3873 Scbooss,
941 3807 990 3862 der
1008 3807 1075 3862 dich
1092 3808 1216 3876 geboren

76 3891 134 3948 bat.
172 3891 618 3962 AndersHorat.Epod.17,50
643 3899 765 3962 tuusque
788 3900 886 3948 venter
912 3892 1123 3957 {Leibesfrucbti
1147 3895 1216 3948 Pac·

78 3980 210 4034 tumeius.

152 4068 208 4117 125.
243 4066 347 4135 excepit
373 4066 469 4119 bhada
492 4066 628 4119 intrantia.
673 4065 782 4122 Seneca
805 4066 1009 4132 Contr.12,2
1038 4073 1070 4120 ut
1094 4066 1217 4121 sciamus

76 4150 159 4206 illam
171 4152 248 4221 apud
260 4151 390 4206 lenonem
402 4150 499 4218 fuisse,
518 4152 623 4207 blanda
635 4157 684 4209 est.
715 4153 756 4208 Ib.
773 4155 802 4204 12
816 4153 907 4221 siquis
919 4152 1070 4207 dubitabat
1081 4168 1117 4206 an
1130 4167 1217 4208 mere·

74 4238 139 4292 trix
156 4242 238 4303 esset,
257 4238 358 4292 audiat
375 4253 459 4306 quam
477 4237 582 4293 blanda
600 4239 645 4293 sit.

151 4329 229 4393 atque
247 4341 311 4377 aera
320 4323 451 4392 poposcit.
481 4323 546 4393 Vgi.
561 4323 840 4391 SenecaContr.12,
857 4328 867 4377 1
884 4326 1005 4391 (111123).
1031 4325 1071 4380 11).
1086 4327 1101 4377 3
1115 4324 1217 4393 stipem
