2888 4936
150 376 212 441 492
557 373 703 430 Iuvenalis
720 379 878 430 saturarum

235 546 332 611 sumit
354 553 387 612 et
409 566 430 611 a
453 564 551 612 censu
574 545 694 610 famam
716 545 824 611 trahit.
869 545 962 610 iilum
985 564 1047 628 ego
1070 546 1142 610 iure

154 652 156 656 ⁴
235 657 422 741 despiciam,
447 659 501 739 qui
524 659 586 722 scit
608 663 729 739 quanto
752 657 918 722 sublimior
939 655 1056 722 Atlans

171 776 210 831 25
235 768 383 833 omnibns
405 770 440 832 iu
461 767 567 850 Libya
588 769 631 833 sit
652 768 823 847 montibus,
849 768 903 832 hic
924 775 1035 833 tamen
1056 767 1147 833 idern

234 881 362 964 ignoret
384 886 541 962 quantum
564 878 689 944 ferrata
710 879 808 944 distet
829 879 871 944 ab
895 898 971 943 arca

235 993 392 1055 sacculus.
439 1011 457 1056 e
479 989 570 1055 caelo
594 989 763 1056 descendit
784 991 877 1074 γνῶθι
899 987 1024 1055 σεαυτὸν

235 1100 399 1184 figendum
422 1109 455 1166 et
476 1102 610 1166 memori
632 1101 837 1167 tractandum
858 1108 999 1184 pectore,
1025 1102 1098 1167 sive

236 1213 420 1295 coniugium
444 1232 582 1294 quaeras
604 1214 657 1277 vol
679 1213 763 1277 sacri
786 1214 821 1276 in
842 1221 936 1295 parto
959 1219 1096 1279 senatus

173 1331 212 1387 30
236 1342 309 1388 esse
330 1325 413 1389 velis
435 1361 477 1370 -
499 1343 606 1406 neque
630 1323 715 1388 onim
738 1323 873 1388 loricam
895 1325 1000 1407 poscit
1022 1323 1161 1389 Achillis

236 1434 413 1516 Thersites,
436 1435 470 1499 in
493 1454 558 1516 qua
581 1453 616 1500 se
639 1432 828 1499 traducebat
850 1435 964 1500 Vlixes
987 1472 1030 1482 -

236 1547 409 1628 ancipitem
433 1564 490 1611 seu
512 1553 548 1611 tu
569 1565 687 1629 magno
711 1544 896 1609 discrimine
918 1565 1052 1611 causam

236 1666 408 1741 protegere
430 1656 587 1738 adfectas,
612 1663 644 1721 tc
667 1658 809 1738 consule,
833 1656 887 1721 dic
907 1658 967 1723 tibi
990 1658 1047 1739 qui
1070 1658 1126 1738 sis,

236 1775 344 1833 orator
367 1767 542 1833 vehemens
566 1788 609 1832 an
630 1768 761 1833 Curtius
785 1773 817 1833 et
838 1766 948 1832 Matho
970 1767 1104 1834 buccae.

173 1886 211 1942 35
236 1878 402 1944 noscenda
425 1887 474 1945 est
496 1897 647 1944 mensura
670 1880 720 1943 sui
744 1877 988 1963 spectandaque
1010 1879 1111 1944 rebus

237 1992 271 2054 in
294 1990 427 2054 summis
449 1991 666 2072 minimisque,
691 1991 787 2056 ctiam
812 2010 885 2055 cum
906 1989 1006 2073 piscis
1030 1997 1161 2072 emetur,

254 2196 294 2246 23.
331 2195 424 2259 sumit]
443 2202 572 2264 sumptus
592 2193 733 2247 Heinrich.

254 2283 286 2332 30
294 2296 330 2334 su.
352 2288 450 2347 ineque
468 2310 503 2317 -
521 2280 683 2348 ancipitem)
698 2297 753 2349 pro
770 2279 873 2350 apariat
890 2278 984 2333 habuit
1003 2279 1146 2334 Haimokc.

220 2459 260 2510 28.
297 2459 434 2513 Priscian.
447 2457 505 2513 VII
520 2460 559 2524 12,
573 2460 605 2510 63
625 2458 707 2514 GLK.
722 2460 750 2513 II
766 2460 823 2524 310,
836 2461 876 2510 21.

221 2630 260 2679 25.
296 2628 485 2681 hio-idem.
523 2630 563 2683 Zu
582 2630 677 2694 3,148.

220 2714 260 2764 27,
297 2734 310 2765 c
329 2717 399 2767 caclo
417 2714 549 2766 descendit
566 2717 660 2781 γνῶθι
673 2711 798 2766 σεαυτόν.
836 2715 876 2768 Zu
894 2716 918 2779 ⁶2,
935 2718 976 2767 40.

222 2799 262 2848 28.
291 2800 441 2868 flycndtam.
478 2799 618 2854 Aebnlich
636 2800 690 2854 wie
709 2802 787 2866 9,91.

221 2886 260 2934 29.
297 2883 370 2936 sacri
386 2914 419 2923 —
437 2890 551 2937 senatus.
587 2886 647 2940 Das
669 2885 865 2953 gewohnlichc
887 2886 1011 2942 Beiwort
1035 2887 1084 2942 des
1106 2886 1216 2943 Senator
1234 2884 1263 2937 ist

154 2974 277 3034 sanctus,
296 2970 400 3036 griech.
420 2969 437 3037 ὴ
458 2970 512 3039 ἱερὰ
531 2969 678 3040 σύγκλητος.
715 2969 796 3025 sel
815 2973 872 3022 413.

220 3057 265 3105 31:
294 3054 324 3108 in
342 3055 391 3109 der
409 3055 469 3110 sich
488 3057 577 3112 solbet
595 3055 738 3125 Odysseae
755 3056 907 3110 lacheriioh
925 3057 1044 3113 machto.
1080 3058 1120 3112 Zu
1139 3059 1224 3122 2159.

220 3142 260 3191 33.
298 3145 322 3193 tc
340 3143 453 3193 consule.
490 3141 553 3197 Seu.
572 3143 838 3210 Epp.59‚14nunc
858 3143 920 3211 ipse
939 3143 1111 3199 toconsule.
1147 3143 1186 3197 Id.
1202 3141 1229 3195 N.
1244 3152 1262 3204 (t-

152 3224 193 3277 IV
205 3224 291 3292 praef.
304 3229 320 3288 ξ
335 3227 365 3276 13
385 3227 447 3293 ipse
466 3232 494 3281 tc
507 3226 631 3292 consule,
651 3243 754 3282 verane
768 3244 804 3281 an
816 3226 888 3283 falsa
899 3231 1106 3284 memoraveris.
1132 3225 1262 3292 Plinlipp·

151 3309 207 3363 VII
223 3312 290 3375 16‚5
309 3318 393 3378 teque
412 3312 481 3379 qnid
499 3312 571 3367 velis
589 3313 712 3368 consule.
750 3313 812 3368 Son.
832 3314 936 3368 Benoff.
956 3314 998 3368 VI
1016 3316 1057 3379 38,
1077 3317 1092 3365 5
1111 3314 1224 3382 donique
1241 3320 1264 3362 rt

151 3396 270 3463 quisque
289 3395 419 3451 consulat
437 3399 513 3452 etin
532 3404 671 3453 secretum
688 3401 814 3467 pectoris
832 3400 877 3453 sui
896 3399 1001 3454 redeat

220 3481 268 3549 qai
283 3481 327 3533 uir.
363 3483 423 3536 Nur
441 3483 501 3538 hier
514 3484 562 3551 qui
578 3485 607 3539 in
620 3485 699 3539 einer
712 3485 871 3540 indirecten
883 3486 982 3554 Frage,
1001 3491 1083 3541 sonat
1095 3483 1198 3541 dberal]
1209 3479 1261 3550 quit

151 3566 191 3620 au
210 3568 233 3631 o,
253 3570 311 3618 571.

220 3655 260 3703 31.
301 3653 410 3706 Caraca
428 3659 453 3707 ct
471 3654 568 3706 Matho
586 3655 688 3707 baccae.
724 3655 816 3710 Schol.
837 3657 1014 3712 iactanticnli
1035 3658 1094 3721 isio)
1112 3657 1161 3727 qui
1177 3656 1262 3710 tauwffl

150 3736 256 3791 buccas
280 3737 380 3793 inflant
404 3745 433 3792 et
454 3738 526 3793 nihil
549 3741 655 3795 dicunt.
698 3742 849 3797 Heinrich:
875 3737 1106 3805 ‘Backonblisem
1132 3732 1261 3811 coriandri

150 3824 204 3876 wic
218 3824 266 3878 der
280 3824 384 3878 Ftosoh
398 3826 428 3877 in
440 3824 490 3879 der
502 3824 841 3896 Batrachomyomachie’3
860 3831 947 3883 etwas
960 3828 1062 3884 andere
1078 3831 1103 3896 3,
1116 3830 1155 3880 35.
1177 3818 1261 3881 (W

151 3915 231 3962 sonet
252 3910 399 3978 ungenda,
425 3910 474 3965 der
499 3911 662 3966 causidicus
681 3913 777 3964 Motho
796 3912 867 3967 anch
888 3916 910 3980 1,
930 3916 962 3965 32
986 3914 1053 3983 (vgl.
1072 3915 1099 3969 d.
1118 3913 1203 3971 Anni.)
1218 3900 1261 3959 ΠΜ

153 3995 166 4042 7
198 3996 253 4045 139.

170 4033 176 4059 a
220 4081 260 4130 35.
296 4081 426 4133 noscenda
444 4087 482 4134 est
499 4099 623 4135 mensura
640 4082 689 4134 sai.
726 4084 841 4139 Hieron.
860 4085 931 4152 Epp.
951 4087 980 4136 61
998 4087 1077 4136 ==75
1096 4085 1133 4139 ad
1148 4075 1258 4159 vigilat

150 4165 166 4226 ς
185 4165 199 4213 3
218 4165 366 4230 prudentis
384 4166 507 4222 hominis
526 4174 569 4224 eet
585 4183 669 4222 nosse
687 4184 846 4224 mensuram
858 4186 944 4225 suam.
975 4169 1042 4224 Wol
1054 4155 1259 4240 spriohwortlich·

150 4248 206 4315 vgi.
227 4247 292 4304 Otto
311 4251 371 4320 Spr.
391 4259 475 4308 unter
492 4255 592 4309 metiri.

220 4336 260 4386 36.
298 4335 327 4388 ic
344 4338 453 4392 cummis
471 4338 645 4408 mitrinn‘cquc.
683 4339 724 4393 Zu
745 4343 765 4406 1,
781 4342 820 4392 11.
