2888 4936
159 379 223 439 462
569 373 714 429 Iuvenalis
732 380 891 429 amarum

248 545 455 629 spectandus,
480 543 627 629 gaudent
649 563 771 611 omnes.
816 538 913 625 ‘quae
935 544 1037 625 labra,
1062 547 1139 626 quia
1159 544 1210 610 illi

247 657 357 722 vultus
381 664 458 721 erat.
505 676 690 738 numquam,
715 656 744 720 ei
766 654 846 737 quid
867 655 947 719 mihi
970 655 1088 735 credie,
1111 656 1220 721 amavi

246 768 333 833 hunc
355 768 526 833 hominem.
573 768 632 833 sed
655 787 718 850 quo
741 766 859 832 cecidit
880 766 941 832 sub
964 767 1124 833 crimine?
1148 769 1284 850 quianam

185 889 222 943 70
247 879 374 944 delator
396 881 513 962 quibus
535 879 707 959 indicibus,
731 899 795 960 quo
818 886 901 944 teste
924 874 1111 961 prabavitl’

248 993 293 1055 nil
317 991 445 1069 horum;
470 992 609 1056 verbosa
631 999 663 1056 et
685 990 820 1074 grandia
843 990 988 1072 epistula
1010 991 1102 1056 venit

248 1124 268 1166 a
290 1102 435 1185 Capreis.
481 1095 574 1167 ‘bene
596 1101 704 1181 hebet,
730 1103 776 1166 nil
799 1101 873 1185 plue
896 1102 1070 1185 interrogo.
1114 1102 1175 1167 aed
1196 1099 1261 1183 qnid

248 1214 344 1279 turba
367 1207 504 1277 Remi?'
526 1214 672 1295 sequitur
693 1213 855 1278 fortunam
878 1219 914 1277 ut
936 1231 1065 1296 aemper
1087 1219 1120 1278 et
1142 1211 1207 1277 odit

248 1323 428 1389 damnatos.
474 1324 562 1389 idem
585 1325 733 1408 populun,
758 1326 786 1388 si
808 1324 925 1388 Nortia
946 1325 1053 1389 luteo

185 1444 222 1497 75
247 1434 391 1515 favisset,
417 1437 445 1499 ei
468 1454 628 1519 oppressa
650 1436 733 1500 foret
756 1454 872 1500 secura
894 1442 1046 1501 senectus

248 1546 413 1629 principie,
438 1546 499 1610 hac
522 1548 595 1630 ipsa
618 1545 773 1611 Seianum
796 1546 920 1611 diceret
940 1546 1022 1611 hora

247 1658 437 1739 Augustum.
484 1659 549 1722 iam
572 1657 708 1739 pridem,
733 1676 774 1721 ex
797 1678 860 1739 quo
883 1657 1042 1741 suffragia
1064 1659 1142 1724 nulli

247 1766 428 1848 vendimus,
453 1768 568 1833 effudit
590 1787 699 1846 curaa3
722 1789 796 1833 nam
821 1768 876 1848 qui
899 1768 1000 1834 dabat
1023 1767 1100 1834 olim

247 1880 419 1961 imperium
442 1878 548 1943 fasces
571 1880 720 1963 legiones
742 1881 859 1959 omnia,
884 1897 970 1944 nunc
993 1898 1030 1945 ae

185 1997 224 2053 80
248 1991 392 2054 continet
414 1997 513 2071 atque
536 1989 618 2054 duae
641 1997 766 2055 tantum
789 2009 842 2055 ree
865 1992 983 2055 anxius
1005 1997 1105 2073 optat,

266 2198 326 2249 its.
364 2194 513 2249 Claudian.
531 2196 603 2249 Bell.
624 2195 699 2249 Gild.
718 2195 794 2249 9dsa.
823 2195 874 2249 ille
901 2195 952 2250 diu
978 2196 1062 2252 miles
1086 2194 1206 2266 populna,
1226 2191 1263 2260 qui

161 2279 285 2348 praefuit
304 2281 374 2337 orbi.
394 2278 449 2344 Qui
469 2280 579 2335 trabeae
598 2289 627 2334 et
645 2288 759 2350 sceptra
777 2280 871 2335 dabat.

230 2455 304 2506 llas.
343 2451 436 2507 Schnl.
452 2450 819 2519 cruq.florat.c.1aa,25
841 2453 898 2508 'aad
915 2483 950 2491 -
968 2453 1131 2508 damnatos.

159 2633 286 2699 patietur
299 2632 421 2685 carceris
432 2647 543 2685 uncum.
569 2630 644 2686 Suet.
658 2631 719 2686 Tib.
734 2634 764 2683 61
785 2646 916 2701 uncoque
929 2638 1044 2688 tractus.
1069 2633 1137 2688 Vita
1148 2625 1264 2687 Commodi

145 2714 201 2781 la,
217 2720 247 2767 111
267 2717 315 2784 qui
335 2723 462 2770 senatum
481 2716 596 2779 occidit,
617 2733 690 2771 unco
709 2718 835 2772 trahatur
853 2724 905 2772 etc.
942 2718 1006 2787 Vgl.
1026 2735 1061 2773 nu
1081 2720 1171 2783 1,15“1.

230 2803 261 2850 65
272 2817 292 2853 a.
330 2800 438 2854 Seneca
456 2803 526 2870 Epp.
541 2805 581 2867 55,
597 2804 611 2852 3
630 2804 762 2870 quotiens
781 2804 893 2871 aliquos
905 2833 939 2842 —
952 2803 1049 2859 Seiani
1067 2804 1169 2868 edium,
1186 2797 1265 2856 deinde

160 2901 236 2939 amor
259 2892 405 2946 merserat.
430 2902 519 2955 aeque
542 2888 617 2941 enim
641 2888 793 2943 offendisse
816 2888 895 2942 illum
919 2905 1004 2957 quam
1027 2905 1136 2945 amasae
1152 2882 1265 2957 pericula

159 2987 220 3025 aum
239 2970 301 3025 suit.

229 3059 268 3106 611.
306 3056 400 3108 eccidit
417 3059 465 3109 aab
484 3059 600 3111 crimine.
639 3060 679 3112 Zu
697 3063 721 3124 4,
740 3062 778 3110 12.

230 3145 269 3193 ῖ6.
306 3141 365 3197 Cic.
384 3141 494 3198 Cluent.
515 3148 546 3194 3⁸
574 3145 652 3198 nullo
671 3149 751 3199 teate.
778 3144 857 3199 nullo
877 3147 979 3200 indica.
1017 3146 1200 3210 Quintilllll
1215 3141 1265 3201 ’154

159 3228 329 3282 adulterium
342 3228 445 3282 obicis:
466 3231 529 3296 quis
543 3231 632 3293 teatin,
652 3232 716 3298 qnia
730 3231 835 3284 index?
854 3231 945 3286 index
958 3231 1016 3286 und
1028 3235 1111 3288 teatin
1124 3241 1265 3288 zusammen·

158 3313 273 3377 gestella
291 3314 363 3368 auch
380 3313 446 3367 Tac.
460 3313 494 3368 A.
509 3314 552 3368 Ill
569 3317 598 3366 111
618 3315 659 3369 IV
672 3318 704 3368 28
724 3316 777 3370 XV
792 3319 832 3367 55.

229 3401 268 3449 ll.
305 3399 426 3466 epistula
452 3399 536 3453 ihren
549 3400 643 3454 Inhalt
661 3401 742 3470 giebt
760 3400 932 3456 auafflhrlich
950 3402 1026 3458 Casa.
1040 3403 1099 3458 Dio
1111 3403 1266 3458 Lvllltau

229 3485 267 3533 72.
306 3484 422 3552 Capreis.
459 3485 523 3553 Vgl.
543 3503 568 3539 v.
583 3488 623 3537 03.

227 3571 267 3619 73.
305 3570 383 3621 turta
402 3570 490 3622 Remi.
531 3570 633 3624 Catull.
653 3573 694 3636 58,
712 3575 726 3621 5
745 3573 939 3637 magnanimos
958 3573 1041 3628 Remi
1060 3583 1185 3645 nepotes.
1216 3571 1266 3626 8161

158 3654 185 3708 S.
199 3654 228 3707 ΙΙ
243 3657 265 3719 7,
279 3656 312 3705 66
331 3656 502 3709 culminibus
521 3656 604 3710 Remi
623 3662 768 3724 vagantes.

228 3741 267 3789 74.
306 3740 407 3791 Nortia
431 3742 522 3792 Tusco.
547 3742 602 3795 Die
621 3742 797 3798 etruakischc
811 3743 1068 3814 Schlckenlsgcttln
1080 3748 1180 3802 Nortia
1195 3736 1268 3798 wurdt

158 3824 311 3879 beecndera
331 3827 360 3878 in
378 3825 511 3890 Volsinii,
531 3827 593 3881 dem
612 3827 796 3883 Geburtaorte
815 3828 922 3899 Sejana,
941 3833 1061 3887 verehrt
1085 3832 1138 3888 SG.
1151 3826 1249 3887 111593·

228 3913 258 3960 ’15
269 3927 289 3964 s.
326 3929 419 3963 secura
436 3917 553 3964 acneclus
573 3913 718 3982 Principia.
756 3915 796 3968 Zu
813 3918 837 3976 4,
851 3917 892 3966 81.

226 3997 266 4045 75.
303 3995 400 4066 effudit
418 4015 502 4049 aaran.
529 3997 637 4052 Seneca
649 3998 696 4053 Ira
709 3998 738 4052 ΙΙ
752 4001 820 4065 35,3
840 4016 1006 4069 omnemque
1024 4018 1121 4058 curam
1139 4003 1181 4058 nui
1202 3996 1269 4056 adul·

158 4080 232 4134 dcnt.

229 4167 268 4215 75.
290 4168 328 4216 79.
365 4167 476 4224 Lucret.
497 4170 541 4223 ΙΙΙ
560 4173 609 4221 995
621 4187 656 4224 se.
684 4175 781 4239 petere
801 4188 817 4225 a
835 4172 943 4241 populo
962 4171 1055 4230 lancea
1071 4203 1109 4215 —
1125 4181 1217 4244 petere
1233 4168 1271 4220 im·

157 4265 274 4317 perium.

226 4336 321 4388 omnia.
359 4342 399 4392 Zu
419 4342 496 4405 aaa.
