2888 4936
409 343 495 401 Liber
512 345 627 414 primus.
665 342 768 400 Satura
784 342 834 397 IV.

143 537 207 583 non
230 517 317 582 cedit
339 518 485 596 Veiento,
510 513 569 580 sed
592 522 627 580 ut
649 514 811 581 fanaticus
835 522 942 581 oestro

141 647 326 713 percussus,
349 628 497 708 Bellona,
522 634 577 692 tuo
600 627 727 693 divinat
748 634 781 692 et
802 620 930 710 ‘ingens

67 749 119 803 125
144 760 238 805 omen
260 733 372 806 habes'
393 740 499 822 inquit
521 732 641 822 ‘magni
664 741 809 820 clarique
831 738 994 822 triumphi.

142 872 253 934 regem
277 853 419 934 aliquem
443 853 562 935 capies,
587 859 644 917 aut
666 850 707 916 de
729 858 857 917 temone
879 851 1036 916 Britanno

145 963 274 1029 excidet
295 963 485 1047 Aruiragus.
530 963 704 1047 peregrina
727 969 777 1028 est
799 963 906 1043 belua,
931 965 1037 1029 cernis

144 1073 272 1141 erectas'
291 1076 325 1140 in
347 1082 442 1159 terga
464 1068 599 1140 sudes?’
643 1074 703 1140 hoo
725 1073 829 1140 defuit
851 1094 950 1139 unum

143 1189 302 1268 Fabricio,
326 1187 466 1271 patriam
489 1192 525 1251 ut
546 1186 672 1251 rhombi
695 1192 888 1251 memoraret
910 1193 944 1252 et
965 1205 1078 1251 annos.

63 1307 119 1362 130
144 1294 311 1381 ‘quidnam
333 1299 433 1381 igitur
455 1297 594 1363 censes?
618 1291 834 1363 coneiditnr?’
855 1291 951 1365 ‘absit
974 1299 1015 1364 ab
1037 1298 1094 1363 illo

146 1409 288 1476 dedecus
310 1403 382 1476 hoe'
402 1411 575 1475 Montanus
598 1410 644 1475 ait
666 1403 762 1475 ‘testa
784 1411 852 1475 alta
872 1417 1014 1494 paretur,

144 1542 228 1604 quae
250 1522 341 1588 tenui
362 1541 454 1587 muro
476 1522 654 1604 spatiosum
677 1520 810 1603 colligat
832 1521 950 1587 orbem.

143 1632 280 1700 debetur
302 1651 439 1717 magnus
461 1633 593 1716 patinae
615 1634 806 1715 subitusque
829 1633 1050 1699 Prometheus.

144 1745 295 1830 argillam
318 1752 416 1827 atque
437 1751 541 1809 rotam
563 1745 660 1810 eitius
682 1752 854 1829 properate
877 1795 884 1827 ,
910 1744 968 1810 sed
990 1766 1031 1811 en
1053 1745 1114 1811 hoe

61 1865 119 1920 135
144 1864 289 1940 tempore
311 1857 385 1936 iam,
410 1855 541 1938 Caesar,
564 1856 655 1940 figuli
678 1862 735 1921 tua
756 1862 865 1923 castra
886 1850 1081 1940 sequantur'.

165 2038 221 2088 126.
257 2035 342 2105 Verg.
356 2035 390 2090 A.
404 2035 462 2090 Xll
475 2037 524 2088 613
543 2037 574 2091 id
591 2037 676 2092 rebus
693 2034 785 2092 defuit
802 2052 896 2091 unum.

130 2192 187 2241 123.
223 2189 269 2242 aed
293 2195 324 2243 at
339 2190 483 2261 fanaticus
505 2195 591 2244 oestro
609 2192 762 2257 Percussae,
779 2189 908 2258 Bellona,
927 2196 973 2244 tuo
989 2191 1101 2246 divinat.
1139 2194 1194 2248 Dia

59 2276 183 2332 Priester
209 2275 269 2330 und
290 2276 501 2332 Priesterinnen
524 2277 573 2334 der
595 2293 652 2333 von
676 2277 731 2332 den
755 2277 878 2332 Rttmern
894 2277 1013 2332 Bellona
1033 2284 1195 2346 genannten

60 2361 160 2416 Gottin
184 2377 242 2416 von
260 2360 385 2418 Comana
407 2363 438 2417 in
455 2361 657 2432 Cappadocien
676 2362 803 2429 (fanatici
822 2363 858 2418 ab
877 2363 948 2418 aede
966 2362 1111 2429 Bellonae,
1136 2366 1194 2433 rgl.

61 2450 83 2509 6,
99 2449 152 2499 512
169 2445 291 2504 furentis
307 2448 443 2504 Bellonae
459 2451 613 2519 matrisque
631 2449 715 2504 deum
733 2448 842 2511 chorus)
861 2450 1032 2517 weissagten
1050 2449 1096 2504 bei
1114 2448 1195 2504 ihren

62 2531 205 2601 Umattgen
230 2534 260 2586 in
284 2534 334 2588 der
358 2535 477 2601 Extase,
501 2533 563 2589 sich
586 2534 640 2588 mit
656 2533 865 2601 Doppelheilen
888 2535 1085 2589 vernundend.
1121 2536 1195 2589 Eine

62 2618 227 2685 Prieetcrin,
251 2619 298 2674 die
321 2620 466 2689 weissagt,
488 2620 538 2675 ubi
556 2619 690 2674 Bellonae
714 2627 792 2675 motu
816 2629 860 2674 est
882 2621 1002 2688 agitata,
1026 2636 1079 2676 nec
1103 2637 1196 2676 acrem

63 2703 225 2770 llnmmarn,
250 2720 307 2758 non
331 2721 425 2760 amens
449 2706 566 2761 verbera
588 2713 650 2761 tota
672 2707 816 2761 timet
836 2712 865 2760 et
882 2707 961 2761 canit
978 2715 1104 2773 eventus,
1124 2724 1196 2775 quos

65 2789 112 2845 dca
130 2806 236 2858 magna
252 2796 348 2845 monet
364 2791 467 2846 Tibull.
481 2792 494 2844 l
508 2793 531 2858 6,
544 2794 586 2843 43.

130 2878 188 2927 126.
225 2877 257 2928 dc
284 2880 384 2930 ternam
405 2877 542 2930 Britanno
560 2877 677 2930 Excidet
694 2876 855 2945 Arairayua,
877 2876 942 2932 weil
965 2879 1012 2933 die
1034 2879 1196 2934 Britannier

65 2961 110 3017 aui
128 2963 334 3030 Kriegswagen
357 2963 474 3028 (esseda)
495 2962 648 3031 kimpften.
684 2954 837 3031 Tachgr.
859 2964 1048 3031 liquandam
1064 2965 1197 3020 nationes

63 3056 86 3101 et
105 3063 192 3102 curru
210 3049 392 3115 proeliantur.
427 3049 530 3103 Caesar
548 3049 578 3101 B.
592 3048 624 3103 G.
638 3047 679 3102 lV
692 3051 759 3113 24,1
780 3048 939 3113 essedariis,
959 3065 1015 3117 quo
1032 3049 1198 3117 plerumque

59 3145 164 3197 genere
192 3134 223 3187 in
245 3134 363 3201 proeliis
385 3137 428 3191 nti
451 3142 635 3200 consuerunt;
665 3139 697 3186 63
720 3141 829 3189 tantum
853 3151 907 3188 usu
929 3135 1075 3190 cotidiano
1098 3142 1127 3190 at
1149 3151 1196 3189 ex·

57 3220 231 3274 ercitntione
249 3218 384 3286 efficiunt,
403 3221 445 3276 uti
459 3249 489 3259 -
503 3237 553 3288 per
565 3227 704 3276 temonem
721 3235 883 3288 percurrere
901 3222 970 3275 etin
984 3221 1052 3290 iugo
1066 3222 1196 3276 insistere

51 3312 86 3359 ct
105 3322 137 3361 ee
156 3306 225 3360 inde
244 3306 275 3359 in
292 3322 390 3361 eumue
409 3307 545 3361 citissime
562 3308 689 3373 recipere
708 3307 878 3361 consuerint.

129 3392 186 3446 Die
199 3390 294 3456 Stella,
313 3392 391 3446 citirt
405 3392 452 3446 bei
465 3392 597 3460 Geoffrey
610 3391 642 3447 cf
649 3390 813 3447 hlonmouth
825 3390 867 3445 IV
882 3394 921 3457 16,
940 3393 978 3447 ist
990 3392 1199 3460 Shalrespoares

44 3471 160 3537 Quane
179 3476 224 3531 fdr
243 3477 298 3532 den
315 3478 423 3532 Namen
440 3476 597 3545 Aruiragus
615 3478 645 3531 in
663 3477 834 3547 Cymbeline.

133 3566 190 3615 126.
227 3563 311 3615 eadee.
349 3563 439 3618 Sudes
458 3564 562 3618 densae
576 3565 697 3628 Dornen,
717 3564 799 3617 Prud.
817 3563 921 3632 Apoth.
940 3566 972 3615 59
991 3565 1076 3618 sudes
1095 3578 1197 3618 saxeae

31 3641 246 3716 Felespiczen,
264 3647 349 3715 Apul.
367 3650 432 3704 hiet
446 3648 502 3703 Vll
519 3652 556 3700 11.

130 3735 179 3787 doc
197 3734 287 3805 defuit
304 3752 386 3786 unum
405 3734 538 3788 Fabricio.
570 3734 678 3790 Seneca
694 3734 788 3789 Contu.
802 3735 815 3788 I
830 3738 882 3801 2,·2
902 3735 932 3788 id
950 3736 1024 3788 anim
1043 3735 1147 3797 deerat,
1167 3740 1199 3788 ut

24 3821 168 3887 templa
185 3821 352 3888 reciperent,
372 3837 442 3890 quas
460 3828 511 3875 aut
528 3836 623 3876 carcer
641 3828 690 3875 aut
702 3819 822 3888 lupanar
833 3821 931 3885 eiecit;
950 3820 1004 3887 vgl.
1019 3820 1069 3885 13,
1084 3821 1107 3884 1;
1122 3819 1135 3871 I
1150 3821 1198 3884 7‚5

25 3906 122 3959 und
140 3905 282 3961 Ruhnken
300 3906 401 3961 Vellei.
421 3907 449 3960 ll
464 3909 504 3970 26,
518 3909 541 3958 2.

135 3993 190 4044 130.
228 3993 398 4046 conciditur?
425 3992 516 4047 Ueber
535 3993 589 4047 den
608 3992 761 4056 Indicativ,
779 4007 824 4045 wo
844 3997 931 4055 (sonst
943 3993 972 4045 in
986 3990 1035 4045 der
1049 3993 1070 4042 1.
1084 3990 1197 4053 Person}

21 4075 175 4145 gefragt
191 4078 271 4143 wird,
290 4095 348 4133 was
367 4095 430 4132 man
449 4076 518 4133 thun
536 4077 596 4141 soll,
616 4095 650 4131 zu
669 4080 692 4141 3,
706 4079 763 4128 296.

137 4165 192 4217 133.
230 4150 401 4217 Prometheus
420 4181 454 4218 nu
475 4167 496 4229 1,
510 4165 550 4214 66.
586 4163 658 4217 Eine
683 4164 819 4217 thiinerne
838 4162 970 4218 Schiissel
993 4162 1037 4217 iilr
1056 4164 1103 4216 ein
1121 4161 1199 4216 kost-

24 4234 147 4302 bares
164 4247 280 4304 Gerieht
298 4248 370 4303 auch
391 4251 429 4315 11,
446 4251 475 4299 19
495 4249 632 4316 <gulosum
650 4248 768 4313 Fictile).

138 4336 191 4385 135.
229 4339 317 4388 caetra
344 4335 395 4388 das
422 4334 591 4389 kaiserliohe
620 4333 769 4403 Hoflager,
799 4333 957 4390 Hirschfeld
975 4334 1034 4390 VG.
1056 4337 1197 4387 196-260.
