2888 4936
393 386 478 444 hiber
496 389 619 456 quintus.
657 387 760 443 Satura
776 388 857 444 Xlll.
1130 394 1190 455 527

142 580 263 646 magna
284 559 426 643 quidem,
451 561 553 625 saeris
576 579 661 642 qnae
683 559 740 624 dat
761 568 937 644 praecepta
959 561 1090 642 libellis,

72 681 119 736 20
143 675 261 739 viatrix
283 672 434 738 fortunae
457 672 628 755 sapientia,
653 671 800 737 ducimus
822 679 928 738 autem

143 786 203 850 hos
226 804 355 868 quoque
377 783 501 864 feliees,
527 784 582 865 qui
605 783 690 849 lerre
713 783 917 850 ineommoda
938 786 1026 850 vitae

142 918 205 962 nee
226 899 350 962 iactare
372 897 485 979 iugum
507 896 576 962 vita
598 894 743 961 didicere
765 898 929 979 magistra.

143 1029 228 1093 quae
251 1015 318 1073 tarn
341 1009 427 1073 festa
449 1007 530 1088 dies,
556 1013 592 1071 ut
613 1015 720 1073 eesset
742 1007 879 1092 prodere
901 1008 1004 1073 furem

143 1119 314 1204 perfidiam
337 1119 471 1185 fraudes
494 1126 592 1202 atque
615 1121 701 1184 omni
725 1139 766 1184 ex
790 1121 924 1185 erimine
945 1122 1068 1185 luorum

72 1241 120 1296 25
143 1234 328 1316 quaesitum
352 1238 384 1297 et
405 1239 517 1316 partos
540 1231 651 1315 gladio
674 1233 728 1297 vel
750 1232 871 1315 pyxide
893 1232 1066 1298 nummos?

144 1339 209 1408 rari
233 1345 355 1427 quippe
377 1343 464 1426 boni,
488 1363 630 1425 numera,
654 1345 711 1409 vix
734 1352 809 1409 sunt
830 1344 965 1410 totidem
987 1352 1065 1426 quot

145 1456 333 1522 Thebarum
355 1462 469 1541 portae
492 1456 545 1522 vel
568 1455 679 1521 divitis
703 1457 787 1520 ostia
808 1455 885 1520 Nili.

144 1587 230 1633 nune
252 1576 345 1633 aetas
367 1569 475 1652 agitur
497 1569 674 1651 peioraque
697 1569 830 1633 saeeula
851 1569 930 1632 ferri

144 1680 355 1764 temporibus,
379 1699 513 1763 quorum
536 1681 652 1745 sceleri
675 1699 741 1744 uon
762 1680 886 1745 invenit
908 1680 981 1762 ipsa

74 1801 121 1856 30
145 1810 263 1856 nomen
286 1799 319 1857 et
341 1812 362 1855 a
382 1792 471 1856 nullo
494 1793 603 1874 posuit
625 1776 742 1856 natura
764 1791 905 1856 metallo.

144 1922 204 1968 nos
226 1902 392 1967 homiuum
415 1903 590 1986 divumque
612 1902 711 1968 fidem
733 1904 873 1969 elamore
897 1903 1026 1983 eiemns,

145 2021 266 2099 quanto
289 2014 478 2079 Faesidium
500 2013 614 2080 laudat
637 1996 761 2080 voealis
784 2022 934 2098 agentem

145 2125 317 2210 sportula?
342 2125 402 2205 die,
426 2126 534 2190 senior
558 2126 647 2191 bulla
668 2127 880 2209 dignissime·
893 2128 999 2191 neseis

163 2351 204 2401 26.
240 2363 364 2414 numera,
383 2349 433 2403 vix
446 2352 520 2415 sunt]
539 2365 654 2404 numero
673 2350 721 2403 viu
741 2355 807 2404 sunt
820 2368 865 2418 po
877 2351 957 2402 Jahn.
985 2350 1069 2404 Plane
1081 2352 1193 2404 deletum

56 2436 189 2505 estquod
205 2435 233 2488 P
249 2439 313 2504 post
331 2450 429 2490 numer
446 2434 591 2504 sepserat
606 2435 700 2504 prima
717 2439 804 2488 antem
822 2435 913 2488 littero
931 2435 1030 2506 afuit.
1068 2437 1194 2490 Fortasse

56 2522 230 2577 numeraria.
266 2516 399 2573 ‘Batitas'
415 2520 501 2590 ipitar
518 2517 647 2576 uumera’
665 2522 815 2575 Boosoura
845 2537 975 2576 numeres
994 2522 1192 2594 Schurzfleiacl.

153 2610 205 2660 ⁹28.
241 2622 317 2661 nuno
335 2609 423 2672 aetas]
445 2624 521 2662 nona
539 2615 618 2663 aetas
632 2626 676 2676 pn
701 2608 749 2671 l‘id
765 2612 823 2661 erat
840 2609 905 2663 Non
922 2603 1118 2675 intmopatioo'
1138 2608 1194 2661 Bil-

60 2693 175 2757 ehelerssl.
212 2694 259 2747 Ita
278 2693 378 2763 Mayor
396 2712 455 2746 eum
473 2693 621 2762 Borqhesio
643 2695 757 2746 Oeuvrea
778 2697 853 2759 Vra,
867 2702 906 2748 98.

63 2818 267 2825 -.-—-..——-

130 2893 171 2941 33.
209 2889 300 2945 Schol.
315 2890 389 2945 Pers.
404 2892 427 2953 5,
439 2893 469 2941 :51
493 2891 547 2955 {dio
564 2920 598 2928 -
617 2891 798 2958 dignissimei.

65 3013 266 3023 ————

132 3081 170 3131 19.
208 3096 303 3147 mopso
329 3079 430 3147 gehon
459 3096 493 3134 nn
522 3080 626 3134 victrix
657 3078 798 3141 fortunae,
827 3080 917 3141 nieht,
943 3083 997 3135 wie
1022 3081 1120 3135 linuro
1148 3081 1193 3135 hei

63 3165 160 3235 llayor
177 3165 274 3227 meiut,
293 3180 328 3218 zu
345 3172 507 3234 praecepta.

130 3253 171 3303 20.
208 3249 307 3302 vicere
325 3254 460 3319 fortunae
483 3251 624 3320 supientia.
662 3253 724 3307 San.
743 3253 814 3320 Epp.
830 3255 869 3318 71,
890 3257 921 3303 :50
944 3253 1059 3320 sapiens
1082 3253 1195 3321 quidem

65 3337 154 3391 vineit
171 3337 279 3391 virtute
297 3337 445 3391 fortunam.
483 3337 630 3406 Sapientia
648 3339 702 3391 wie
721 3338 783 3393 sehr
795 3337 890 3406 hitufig
903 3338 983 3402 (auch
997 3344 1085 3393 uuteu
1097 3357 1122 3394 v.
1138 3342 1194 3404 189)

65 3444 94 3467 =
112 3422 304 3491 Philosophia
341 3423 467 3493 Georges
486 3424 516 3478 ll
534 3442 556 3478 u.
573 3425 603 3477 B.
623 3423 682 3478 Cio.
699 3424 781 3480 Tuae.
800 3426 814 3479 I
834 3427 863 3476 13
888 3424 1036 3493 Sapientia
1060 3442 1131 3494 quae
1151 3443 1195 3481 ars

65 3509 177 3564 vivendi
196 3509 325 3576 putanda
343 3516 393 3565 eat.
430 3509 480 3574 (Id.
494 3510 531 3564 ib.
547 3513 569 3574 3,
584 3513 599 3561 2
619 3527 664 3565 ars
682 3520 725 3566 est
742 3511 925 3580 philosophia
943 3513 1036 3575 vitae).

130 3598 171 3646 25.
206 3594 308 3664 pyxide
326 3610 363 3650 se.
383 3596 494 3650 veneni.
532 3596 589 3650 (lie.
603 3595 678 3650 (lael.
692 3600 707 3660 ς
720 3599 752 3646 115
772 3599 874 3653 veneni
893 3597 1008 3666 pyxide.

130 3682 241 3732 ae-so.
277 3679 341 3749 vgl.
355 3682 379 3745 e,
393 3682 502 3732 23-24.

130 3768 171 3818 31.
208 3765 299 3820 Plaut
318 3765 383 3820 Aul.
401 3768 450 3819 297
471 3769 538 3835 qniu
558 3769 654 3822 divom
673 3775 757 3836 atque
777 3768 920 3822 hominnm
939 3769 1041 3822 elamat
1059 3768 1195 3821 continue

69 3849 153 3905 fidem.
189 3850 250 3906 Liv.
264 3851 352 3906 XXII
366 3854 434 3917 ll‚l
453 3869 510 3907 non
528 3854 655 3909 homines
674 3860 790 3919 tantum,
810 3854 861 3907 sed
879 3852 993 3908 foedera
1012 3861 1040 3907 et
1059 3853 1127 3906 deos
1141 3854 1196 3906 eie-

70 3934 170 3991 hamus.

132 4024 173 4074 3³.
208 4025 330 4091 mortulo
351 4023 396 4078 fflr
414 4023 460 4079 die
479 4025 525 4080 die
549 4025 675 4094 sportula
694 4025 835 4079 entweder
854 4027 883 4077 in
897 4025 968 4079 Geld
988 4025 1056 4079 odor
1072 4025 1101 4077 in
1114 4025 1196 4079 Form

73 4107 142 4162 einer
159 4109 342 4179 Bewirthnng
360 4113 403 4176 (uu
421 4110 500 4165 llart.
514 4111 570 4165 VII
584 4113 624 4177 86,
639 4115 661 4171 a)
681 4108 904 4177 empfanganden
922 4110 1064 4175 Clienten3
1084 4110 1196 4164 iihnlieh

73 4190 145 4249 llart.
157 4193 198 4248 v1
210 4197 243 4247 48
262 4196 340 4264 qnod
357 4202 414 4251 tam
432 4197 539 4265 grande
562 4196 667 4265 sophos
689 4195 791 4250 elamat
814 4196 867 4251 tihi
891 4197 973 4251 turba
996 4201 1105 4264 togata,
1132 4197 1196 4250 Nou

77 4281 109 4344 tu,
125 4279 269 4350 Pomponi,
288 4297 359 4337 aena
377 4282 484 4337 diserta
501 4287 551 4336 tua
569 4287 619 4336 est.

136 4367 206 4420 aaa
223 4366 377 4437 esaum
395 4368 421 4423 ι.
434 4367 460 4421 u.
474 4367 574 4424 hecha
592 4367 730 4422 urnusou.
767 4368 807 4422 uu
826 4370 850 4434 5,
866 4370 1006 4419 rer-res.

942 4471 990 4521 11*
