<?xml version="1.0" encoding="UTF-8"?>
<!DOCTYPE html PUBLIC "-//W3C//DTD XHTML 1.0 Transitional//EN"
    "http://www.w3.org/TR/xhtml1/DTD/xhtml1-transitional.dtd">
<html xmlns="http://www.w3.org/1999/xhtml" xml:lang="en" lang="en">
 <head>
  <title>
</title>
<meta http-equiv="Content-Type" content="text/html;charset=utf-8" />
  <meta name='ocr-system' content='tesseract 3.04.00' />
  <meta name='ocr-capabilities' content='ocr_page ocr_carea ocr_par ocr_line ocrx_word'/>
</head>
<body>
  <div class='ocr_page' id='page_1' title='image "./djuniijuvenalis03juvegoog_0231.png"; bbox 0 0 2888 4936; ppageno 0'>
   <div class='ocr_carea' id='block_1_1' title="bbox 149 388 877 459">
    <p class='ocr_par' dir='ltr' id='par_1_1' title="bbox 149 388 877 459">
     <span class='ocr_line' id='line_1_1' title="bbox 149 388 877 459; baseline -0.001 -16"><span class='ocrx_word' id='word_1_1' title='bbox 149 392 212 459; x_wconf 62' lang='grc'><strong>200</strong></span> <span class='ocrx_word' id='word_1_2' title='bbox 558 388 703 444; x_wconf 88' lang='lat' dir='ltr'><strong>Iuvenalis</strong></span> <span class='ocrx_word' id='word_1_3' title='bbox 721 392 877 444; x_wconf 87' lang='lat' dir='ltr'><strong>saturarum</strong></span> 
     </span>
    </p>
   </div>
   <div class='ocr_carea' id='block_1_2' title="bbox 148 556 1164 1092">
    <p class='ocr_par' dir='ltr' id='par_1_2' title="bbox 234 556 1032 647">
     <span class='ocr_line' id='line_1_2' title="bbox 234 556 1032 647; baseline -0.005 -19"><span class='ocrx_word' id='word_1_4' title='bbox 234 556 349 647; x_wconf 78' lang='lat' dir='ltr'><strong>pullati</strong></span> <span class='ocrx_word' id='word_1_5' title='bbox 371 579 529 646; x_wconf 80' lang='lat' dir='ltr'><strong>proceres,</strong></span> <span class='ocrx_word' id='word_1_6' title='bbox 555 559 663 626; x_wconf 85' lang='lat' dir='ltr'><strong>differt</strong></span> <span class='ocrx_word' id='word_1_7' title='bbox 684 558 871 626; x_wconf 83' lang='lat' dir='ltr'><strong>vadimonia</strong></span> <span class='ocrx_word' id='word_1_8' title='bbox 892 566 1032 643; x_wconf 90' lang='lat' dir='ltr'><strong>praetor.</strong></span> 
     </span>
    </p>

    <p class='ocr_par' dir='ltr' id='par_1_3' title="bbox 148 652 1164 873">
     <span class='ocr_line' id='line_1_3' title="bbox 233 652 1110 758; baseline -0.007 -19"><span class='ocrx_word' id='word_1_9' title='bbox 233 682 300 739; x_wconf 91' lang='lat' dir='ltr'><strong>tum</strong></span> <span class='ocrx_word' id='word_1_10' title='bbox 322 677 479 758; x_wconf 84' lang='lat' dir='ltr'>gemimus</span> <span class='ocrx_word' id='word_1_11' title='bbox 503 690 597 738; x_wconf 89' lang='lat' dir='ltr'><strong>casus</strong></span> <span class='ocrx_word' id='word_1_12' title='bbox 621 671 719 753; x_wconf 85' lang='lat' dir='ltr'><strong>urbis,</strong></span> <span class='ocrx_word' id='word_1_13' title='bbox 744 678 820 736; x_wconf 93' lang='lat' dir='ltr'><strong>tunc</strong></span> <span class='ocrx_word' id='word_1_14' title='bbox 842 671 969 737; x_wconf 84' lang='lat' dir='ltr'><strong>odimus</strong></span> <span class='ocrx_word' id='word_1_15' title='bbox 983 652 1110 755; x_wconf 84' lang='lat' dir='ltr'><strong>ignem.</strong></span> 
     </span>
     <span class='ocr_line' id='line_1_4' title="bbox 148 780 1164 873; baseline -0.004 -23"><span class='ocrx_word' id='word_1_16' title='bbox 148 793 209 850; x_wconf 85' lang='lat'><strong>215</strong></span> <span class='ocrx_word' id='word_1_17' title='bbox 234 785 328 852; x_wconf 89' lang='lat' dir='ltr'><strong>ardet</strong></span> <span class='ocrx_word' id='word_1_18' title='bbox 350 784 465 867; x_wconf 88' lang='lat' dir='ltr'><strong>adhuc,</strong></span> <span class='ocrx_word' id='word_1_19' title='bbox 491 791 523 849; x_wconf 90' lang='lat' dir='ltr'><strong>et</strong></span> <span class='ocrx_word' id='word_1_20' title='bbox 544 784 610 848; x_wconf 90' lang='lat' dir='ltr'><strong>iam</strong></span> <span class='ocrx_word' id='word_1_21' title='bbox 634 784 773 848; x_wconf 88' lang='lat' dir='ltr'><strong>accurrit</strong></span> <span class='ocrx_word' id='word_1_22' title='bbox 795 783 851 864; x_wconf 90' lang='lat' dir='ltr'><strong>qui</strong></span> <span class='ocrx_word' id='word_1_23' title='bbox 873 802 1034 873; x_wconf 87' lang='lat' dir='ltr'><strong>marmora</strong></span> <span class='ocrx_word' id='word_1_24' title='bbox 1056 780 1164 863; x_wconf 90' lang='lat' dir='ltr'><strong>donet,</strong></span> 
     </span>
    </p>

    <p class='ocr_par' dir='ltr' id='par_1_4' title="bbox 234 892 1099 980">
     <span class='ocr_line' id='line_1_5' title="bbox 234 892 1099 980; baseline -0.008 -16"><span class='ocrx_word' id='word_1_25' title='bbox 234 898 378 964; x_wconf 87' lang='lat' dir='ltr'><strong>conferat</strong></span> <span class='ocrx_word' id='word_1_26' title='bbox 399 897 568 980; x_wconf 79' lang='lat' dir='ltr'><strong>inpensas3</strong></span> <span class='ocrx_word' id='word_1_27' title='bbox 592 894 645 959; x_wconf 94' lang='lat' dir='ltr'><strong>hic</strong></span> <span class='ocrx_word' id='word_1_28' title='bbox 667 894 757 960; x_wconf 92' lang='lat' dir='ltr'><strong>nuda</strong></span> <span class='ocrx_word' id='word_1_29' title='bbox 779 901 811 960; x_wconf 90' lang='lat' dir='ltr'><strong>et</strong></span> <span class='ocrx_word' id='word_1_30' title='bbox 833 892 974 960; x_wconf 90' lang='lat' dir='ltr'><strong>candida</strong></span> <span class='ocrx_word' id='word_1_31' title='bbox 996 894 1099 977; x_wconf 74' lang='lat' dir='ltr'><strong>signa,</strong></span> 
     </span>
    </p>

    <p class='ocr_par' dir='ltr' id='par_1_5' title="bbox 233 1005 1143 1092">
     <span class='ocr_line' id='line_1_6' title="bbox 233 1005 1143 1092; baseline -0.003 -18"><span class='ocrx_word' id='word_1_32' title='bbox 233 1010 287 1074; x_wconf 93' lang='lat' dir='ltr'><strong>hic</strong></span> <span class='ocrx_word' id='word_1_33' title='bbox 309 1006 434 1090; x_wconf 86' lang='lat' dir='ltr'><strong>ahquid</strong></span> <span class='ocrx_word' id='word_1_34' title='bbox 454 1007 660 1092; x_wconf 89' lang='lat' dir='ltr'><strong>praeclarum</strong></span> <span class='ocrx_word' id='word_1_35' title='bbox 682 1006 904 1089; x_wconf 81' lang='lat' dir='ltr'><strong>Euphranoris</strong></span> <span class='ocrx_word' id='word_1_36' title='bbox 927 1012 960 1071; x_wconf 91' lang='lat' dir='ltr'><strong>et</strong></span> <span class='ocrx_word' id='word_1_37' title='bbox 982 1005 1143 1088; x_wconf 75' lang='lat' dir='ltr'>Polycliti,</span> 
     </span>
    </p>
   </div>
   <div class='ocr_carea' id='block_1_3' title="bbox 151 1209 1279 1355">
    <p class='ocr_par' dir='ltr' id='par_1_6' title="bbox 151 1209 1279 1355">
     <span class='ocr_line' id='line_1_7' title="bbox 253 1209 1279 1279; baseline 0 -15"><span class='ocrx_word' id='word_1_38' title='bbox 253 1216 311 1266; x_wconf 81' lang='grc'>113.</span> <span class='ocrx_word' id='word_1_39' title='bbox 347 1215 480 1269; x_wconf 88' lang='lat' dir='ltr'><strong>Dracont.</strong></span> <span class='ocrx_word' id='word_1_40' title='bbox 494 1214 581 1268; x_wconf 89' lang='lat' dir='ltr'><strong>Laud.</strong></span> <span class='ocrx_word' id='word_1_41' title='bbox 595 1213 641 1268; x_wconf 94' lang='lat' dir='ltr'><strong>dei</strong></span> <span class='ocrx_word' id='word_1_42' title='bbox 655 1212 700 1267; x_wconf 91' lang='lat'><strong>111</strong></span> <span class='ocrx_word' id='word_1_43' title='bbox 714 1213 763 1263; x_wconf 81' lang='grc'><strong>310</strong></span> <span class='ocrx_word' id='word_1_44' title='bbox 774 1213 840 1277; x_wconf 82' lang='grc'>(330)</span> <span class='ocrx_word' id='word_1_45' title='bbox 854 1209 955 1279; x_wconf 88' lang='lat' dir='ltr'><strong>pullati</strong></span> <span class='ocrx_word' id='word_1_46' title='bbox 968 1225 1107 1279; x_wconf 87' lang='lat' dir='ltr'><strong>proceres,</strong></span> <span class='ocrx_word' id='word_1_47' title='bbox 1119 1209 1279 1264; x_wconf 83' lang='lat' dir='ltr'><strong>vadimonia</strong></span> 
     </span>
     <span class='ocr_line' id='line_1_8' title="bbox 151 1299 373 1355; baseline -0.014 0"><span class='ocrx_word' id='word_1_48' title='bbox 151 1301 229 1355; x_wconf 92' lang='lat' dir='ltr'><strong>nulla</strong></span> <span class='ocrx_word' id='word_1_49' title='bbox 245 1299 373 1354; x_wconf 87' lang='lat' dir='ltr'><strong>fuissent.</strong></span> 
     </span>
    </p>
   </div>
   <div class='ocr_carea' id='block_1_4' title="bbox 151 1408 356 1416">
    <p class='ocr_par' dir='ltr' id='par_1_7' title="bbox 151 1408 356 1416">
     <span class='ocr_line' id='line_1_9' title="bbox 151 1408 356 1416; baseline -0.01 0"><span class='ocrx_word' id='word_1_50' title='bbox 151 1408 356 1416; x_wconf 80' lang='lat'><strong>----</strong></span> 
     </span>
    </p>
   </div>
   <div class='ocr_carea' id='block_1_5' title="bbox 145 1459 1291 4441">
    <p class='ocr_par' dir='ltr' id='par_1_8' title="bbox 149 1459 1282 1689">
     <span class='ocr_line' id='line_1_10' title="bbox 219 1459 1281 1529; baseline 0 -13"><span class='ocrx_word' id='word_1_51' title='bbox 219 1463 330 1516; x_wconf 76' lang='grc' dir='ltr'><strong>Ιιοννίᾱα</strong></span> <span class='ocrx_word' id='word_1_52' title='bbox 338 1492 373 1500; x_wconf 94' lang='grc'>-</span> <span class='ocrx_word' id='word_1_53' title='bbox 383 1461 489 1516; x_wconf 60' lang='lat' dir='ltr'><strong>nullast</strong></span> <span class='ocrx_word' id='word_1_54' title='bbox 499 1462 553 1516; x_wconf 86' lang='lat' dir='ltr'><strong>wie</strong></span> <span class='ocrx_word' id='word_1_55' title='bbox 563 1460 772 1529; x_wconf 87' lang='lat' dir='ltr'><strong>Leidtragende</strong></span> <span class='ocrx_word' id='word_1_56' title='bbox 782 1459 828 1514; x_wconf 87' lang='lat' dir='ltr'><strong>bei</strong></span> <span class='ocrx_word' id='word_1_57' title='bbox 839 1459 931 1515; x_wconf 92' lang='lat' dir='ltr'><strong>einem</strong></span> <span class='ocrx_word' id='word_1_58' title='bbox 940 1460 1119 1528; x_wconf 82' lang='lat' dir='ltr'><strong>Begriibniss,</strong></span> <span class='ocrx_word' id='word_1_59' title='bbox 1133 1461 1224 1517; x_wconf 84' lang='lat' dir='ltr'><strong>wohei</strong></span> <span class='ocrx_word' id='word_1_60' title='bbox 1237 1461 1281 1516; x_wconf 86' lang='lat' dir='ltr'><strong>dic</strong></span> 
     </span>
     <span class='ocr_line' id='line_1_11' title="bbox 149 1542 1282 1614; baseline -0.004 -10"><span class='ocrx_word' id='word_1_61' title='bbox 149 1551 260 1604; x_wconf 82' lang='lat' dir='ltr'><strong>Frauen</strong></span> <span class='ocrx_word' id='word_1_62' title='bbox 277 1546 462 1613; x_wconf 87' lang='lat' dir='ltr'><strong>schmucklos‚</strong></span> <span class='ocrx_word' id='word_1_63' title='bbox 482 1548 534 1601; x_wconf 90' lang='lat' dir='ltr'><strong>mit</strong></span> <span class='ocrx_word' id='word_1_64' title='bbox 552 1545 730 1614; x_wconf 80' lang='lat' dir='ltr'><strong>autgelestcn</strong></span> <span class='ocrx_word' id='word_1_65' title='bbox 748 1545 873 1612; x_wconf 82' lang='lat' dir='ltr'><strong>Haeren,</strong></span> <span class='ocrx_word' id='word_1_66' title='bbox 896 1542 962 1600; x_wconf 80' lang='lat' dir='ltr'><strong>Allo</strong></span> <span class='ocrx_word' id='word_1_67' title='bbox 981 1547 1010 1600; x_wconf 90' lang='lat' dir='ltr'><strong>in</strong></span> <span class='ocrx_word' id='word_1_68' title='bbox 1028 1546 1189 1602; x_wconf 80' lang='lat' dir='ltr'><strong>schwarueu</strong></span> <span class='ocrx_word' id='word_1_69' title='bbox 1207 1546 1282 1602; x_wconf 84' lang='lat' dir='ltr'><strong>Klei-</strong></span> 
     </span>
     <span class='ocr_line' id='line_1_12' title="bbox 150 1631 608 1689; baseline -0.015 -1"><span class='ocrx_word' id='word_1_70' title='bbox 150 1635 218 1689; x_wconf 86' lang='lat' dir='ltr'><strong>dcrn</strong></span> <span class='ocrx_word' id='word_1_71' title='bbox 236 1634 409 1688; x_wconf 86' lang='lat' dir='ltr'><strong>erechienen.</strong></span> <span class='ocrx_word' id='word_1_72' title='bbox 444 1631 498 1686; x_wconf 92' lang='lat' dir='ltr'><strong>Prl.</strong></span> <span class='ocrx_word' id='word_1_73' title='bbox 518 1632 608 1686; x_wconf 88' lang='grc'>1356.</span> 
     </span>
    </p>

    <p class='ocr_par' dir='ltr' id='par_1_9' title="bbox 145 1716 1290 2648">
     <span class='ocr_line' id='line_1_13' title="bbox 221 1716 1283 1791; baseline 0.002 -20"><span class='ocrx_word' id='word_1_74' title='bbox 221 1720 279 1771; x_wconf 79' lang='lat'><strong>213.</strong></span> <span class='ocrx_word' id='word_1_75' title='bbox 316 1719 409 1791; x_wconf 76' lang='lat' dir='ltr'><strong>differt</strong></span> <span class='ocrx_word' id='word_1_76' title='bbox 432 1717 584 1770; x_wconf 78' lang='lat' dir='ltr'><strong>vadimonia</strong></span> <span class='ocrx_word' id='word_1_77' title='bbox 602 1722 716 1787; x_wconf 76' lang='lat' dir='ltr'><strong>praetor</strong></span> <span class='ocrx_word' id='word_1_78' title='bbox 740 1717 796 1772; x_wconf 82' lang='lat' dir='ltr'><strong>wie</strong></span> <span class='ocrx_word' id='word_1_79' title='bbox 822 1717 868 1772; x_wconf 92' lang='lat' dir='ltr'><strong>bei</strong></span> <span class='ocrx_word' id='word_1_80' title='bbox 893 1717 984 1772; x_wconf 92' lang='lat' dir='ltr'><strong>einem</strong></span> <span class='ocrx_word' id='word_1_81' title='bbox 1009 1718 1152 1773; x_wconf 89' lang='lat' dir='ltr'><strong>iustitium</strong></span> <span class='ocrx_word' id='word_1_82' title='bbox 1178 1716 1283 1787; x_wconf 82' lang='lat' dir='ltr'><strong>infulge</strong></span> 
     </span>
     <span class='ocr_line' id='line_1_14' title="bbox 150 1800 1284 1874; baseline -0.002 -14"><span class='ocrx_word' id='word_1_83' title='bbox 150 1806 331 1874; x_wconf 91' lang='lat' dir='ltr'><strong>allgemeiner</strong></span> <span class='ocrx_word' id='word_1_84' title='bbox 354 1804 474 1869; x_wconf 76' lang='lat' dir='ltr'><strong>Trnner,</strong></span> <span class='ocrx_word' id='word_1_85' title='bbox 500 1820 521 1857; x_wconf 83' lang='lat' dir='ltr'><strong>u.</strong></span> <span class='ocrx_word' id='word_1_86' title='bbox 535 1803 565 1856; x_wconf 93' lang='lat' dir='ltr'><strong>B.</strong></span> <span class='ocrx_word' id='word_1_87' title='bbox 583 1800 649 1856; x_wconf 88' lang='lat' dir='ltr'><strong>Tae.</strong></span> <span class='ocrx_word' id='word_1_88' title='bbox 669 1802 703 1859; x_wconf 84' lang='lat' dir='ltr'><strong>A.</strong></span> <span class='ocrx_word' id='word_1_89' title='bbox 723 1803 803 1857; x_wconf 77' lang='lat'>1182</span> <span class='ocrx_word' id='word_1_90' title='bbox 827 1802 898 1867; x_wconf 66' lang='lat' dir='ltr'><strong>(lod</strong></span> <span class='ocrx_word' id='word_1_91' title='bbox 922 1803 973 1858; x_wconf 88' lang='lat' dir='ltr'><strong>des</strong></span> <span class='ocrx_word' id='word_1_92' title='bbox 992 1801 1193 1863; x_wconf 70' lang='lat' dir='ltr'><strong>Germanicus).</strong></span> <span class='ocrx_word' id='word_1_93' title='bbox 1230 1800 1284 1858; x_wconf 80' lang='lat' dir='ltr'><strong>‘In-</strong></span> 
     </span>
     <span class='ocr_line' id='line_1_15' title="bbox 151 1887 1285 1955; baseline -0.001 -8"><span class='ocrx_word' id='word_1_94' title='bbox 151 1891 249 1947; x_wconf 84' lang='lat' dir='ltr'><strong>schrift</strong></span> <span class='ocrx_word' id='word_1_95' title='bbox 266 1891 316 1946; x_wconf 91' lang='lat' dir='ltr'><strong>des</strong></span> <span class='ocrx_word' id='word_1_96' title='bbox 333 1889 365 1943; x_wconf 88' lang='grc' dir='ltr'><strong>Τ.</strong></span> <span class='ocrx_word' id='word_1_97' title='bbox 384 1890 500 1945; x_wconf 81' lang='lat' dir='ltr'><strong>Flavius</strong></span> <span class='ocrx_word' id='word_1_98' title='bbox 519 1887 648 1954; x_wconf 89' lang='lat' dir='ltr'><strong>Sabinus,</strong></span> <span class='ocrx_word' id='word_1_99' title='bbox 667 1888 775 1943; x_wconf 92' lang='lat' dir='ltr'><strong>Bruder</strong></span> <span class='ocrx_word' id='word_1_100' title='bbox 793 1889 844 1944; x_wconf 92' lang='lat' dir='ltr'><strong>des</strong></span> <span class='ocrx_word' id='word_1_101' title='bbox 861 1887 1028 1955; x_wconf 71' lang='lat' dir='ltr'><strong>Vespasium</strong></span> <span class='ocrx_word' id='word_1_102' title='bbox 1047 1891 1100 1945; x_wconf 90' lang='lat' dir='ltr'><strong>mit</strong></span> <span class='ocrx_word' id='word_1_103' title='bbox 1117 1889 1285 1946; x_wconf 82' lang='lat' dir='ltr'><strong>Mommseus</strong></span> 
     </span>
     <span class='ocr_line' id='line_1_16' title="bbox 150 1972 1286 2045; baseline -0.004 -13"><span class='ocrx_word' id='word_1_104' title='bbox 150 1978 355 2045; x_wconf 74' lang='lat' dir='ltr'><strong>urgemungen</strong></span> <span class='ocrx_word' id='word_1_105' title='bbox 372 1974 419 2030; x_wconf 91' lang='lat' dir='ltr'><strong>bei</strong></span> <span class='ocrx_word' id='word_1_106' title='bbox 438 1974 575 2043; x_wconf 76' lang='lat' dir='ltr'><strong>Borghesi</strong></span> <span class='ocrx_word' id='word_1_107' title='bbox 598 1972 723 2029; x_wconf 86' lang='lat' dir='ltr'><strong>Oeuvres</strong></span> <span class='ocrx_word' id='word_1_108' title='bbox 744 1974 787 2029; x_wconf 94' lang='lat' dir='ltr'><strong>IX</strong></span> <span class='ocrx_word' id='word_1_109' title='bbox 804 1991 830 2043; x_wconf 91' lang='lat' dir='ltr'><strong>p.</strong></span> <span class='ocrx_word' id='word_1_110' title='bbox 846 1974 907 2029; x_wconf 84' lang='lat'>385:</span> <span class='ocrx_word' id='word_1_111' title='bbox 933 1973 1016 2040; x_wconf 89' lang='lat' dir='ltr'><strong>[huic]</strong></span> <span class='ocrx_word' id='word_1_112' title='bbox 1033 1981 1150 2031; x_wconf 84' lang='lat' dir='ltr'><strong>senatus</strong></span> <span class='ocrx_word' id='word_1_113' title='bbox 1165 1976 1170 2044; x_wconf 94' lang='grc'><strong>1</strong></span> <span class='ocrx_word' id='word_1_114' title='bbox 1185 1981 1286 2030; x_wconf 86' lang='lat' dir='ltr'><strong>auctor</strong></span> 
     </span>
     <span class='ocr_line' id='line_1_17' title="bbox 153 2057 1287 2130; baseline -0.003 -12"><span class='ocrx_word' id='word_1_115' title='bbox 153 2066 178 2129; x_wconf 92' lang='lat' dir='ltr'><strong>[e</strong></span> <span class='ocrx_word' id='word_1_116' title='bbox 197 2065 261 2130; x_wconf 86' lang='lat' dir='ltr'>imp.</span> <span class='ocrx_word' id='word_1_117' title='bbox 281 2061 359 2117; x_wconf 83' lang='lat' dir='ltr'><strong>Caes</strong></span> <span class='ocrx_word' id='word_1_118' title='bbox 378 2059 568 2129; x_wconf 75' lang='lat' dir='ltr'><strong>Vesplasiano</strong></span> <span class='ocrx_word' id='word_1_119' title='bbox 586 2057 672 2114; x_wconf 83' lang='lat' dir='ltr'><strong>fratre</strong></span> <span class='ocrx_word' id='word_1_120' title='bbox 690 2060 829 2128; x_wconf 89' lang='lat' dir='ltr'><strong>[clupeum</strong></span> <span class='ocrx_word' id='word_1_121' title='bbox 847 2061 954 2128; x_wconf 91' lang='lat' dir='ltr'><strong>po]suit</strong></span> <span class='ocrx_word' id='word_1_122' title='bbox 980 2061 1153 2127; x_wconf 82' lang='lat' dir='ltr'><strong>vadimonlis</strong></span> <span class='ocrx_word' id='word_1_123' title='bbox 1168 2060 1287 2116; x_wconf 90' lang='lat' dir='ltr'><strong>honoris</strong></span> 
     </span>
     <span class='ocr_line' id='line_1_18' title="bbox 153 2144 1286 2215; baseline -0.004 -11"><span class='ocrx_word' id='word_1_124' title='bbox 153 2152 248 2215; x_wconf 75' lang='lat' dir='ltr'><strong>caulsa</strong></span> <span class='ocrx_word' id='word_1_125' title='bbox 275 2148 372 2203; x_wconf 89' lang='lat' dir='ltr'><strong>dilatis</strong></span> <span class='ocrx_word' id='word_1_126' title='bbox 397 2145 491 2211; x_wconf 84' lang='lat' dir='ltr'><strong>[funus</strong></span> <span class='ocrx_word' id='word_1_127' title='bbox 514 2145 674 2201; x_wconf 88' lang='lat' dir='ltr'><strong>censorium</strong></span> <span class='ocrx_word' id='word_1_128' title='bbox 699 2147 834 2212; x_wconf 74' lang='lat' dir='ltr'><strong>[censuitt</strong></span> <span class='ocrx_word' id='word_1_129' title='bbox 876 2144 943 2200; x_wconf 80' lang='lat' dir='ltr'><strong>clu.</strong></span> <span class='ocrx_word' id='word_1_130' title='bbox 962 2147 990 2201; x_wconf 87' lang='lat' dir='ltr'>X</span> <span class='ocrx_word' id='word_1_131' title='bbox 1010 2148 1076 2199; x_wconf 87' lang='grc'>3903</span> <span class='ocrx_word' id='word_1_132' title='bbox 1096 2145 1213 2215; x_wconf 77' lang='lat' dir='ltr'><strong>(Capua)</strong></span> <span class='ocrx_word' id='word_1_133' title='bbox 1232 2147 1286 2200; x_wconf 93' lang='lat' dir='ltr'><strong>Be·</strong></span> 
     </span>
     <span class='ocr_line' id='line_1_19' title="bbox 153 2231 1287 2299; baseline -0.003 -9"><span class='ocrx_word' id='word_1_134' title='bbox 153 2235 261 2290; x_wconf 89' lang='lat' dir='ltr'><strong>schluss</strong></span> <span class='ocrx_word' id='word_1_135' title='bbox 283 2240 348 2289; x_wconf 91' lang='lat' dir='ltr'><strong>ute</strong></span> <span class='ocrx_word' id='word_1_136' title='bbox 370 2231 439 2297; x_wconf 87' lang='lat' dir='ltr'><strong>sor[o</strong></span> <span class='ocrx_word' id='word_1_137' title='bbox 458 2231 495 2286; x_wconf 87' lang='lat' dir='ltr'><strong>ad</strong></span> <span class='ocrx_word' id='word_1_138' title='bbox 516 2247 617 2299; x_wconf 90' lang='lat' dir='ltr'><strong>rogum</strong></span> <span class='ocrx_word' id='word_1_139' title='bbox 634 2246 685 2298; x_wconf 87' lang='lat' dir='ltr'><strong>per</strong></span> <span class='ocrx_word' id='word_1_140' title='bbox 707 2231 851 2296; x_wconf 80' lang='lat' dir='ltr'><strong>dnovliros</strong></span> <span class='ocrx_word' id='word_1_141' title='bbox 875 2231 993 2287; x_wconf 87' lang='lat' dir='ltr'><strong>alterum</strong></span> <span class='ocrx_word' id='word_1_142' title='bbox 1023 2232 1166 2298; x_wconf 77' lang='lat' dir='ltr'><strong>amlhosve</strong></span> <span class='ocrx_word' id='word_1_143' title='bbox 1190 2232 1287 2287; x_wconf 83' lang='lat' dir='ltr'><strong>locato</strong></span> 
     </span>
     <span class='ocr_line' id='line_1_20' title="bbox 150 2316 1288 2390; baseline -0.003 -15"><span class='ocrx_word' id='word_1_144' title='bbox 150 2320 336 2390; x_wconf 72' lang='lat' dir='ltr'><strong>probatoque</strong></span> <span class='ocrx_word' id='word_1_145' title='bbox 365 2317 488 2383; x_wconf 79' lang='lat' dir='ltr'><strong>feratlur]</strong></span> <span class='ocrx_word' id='word_1_146' title='bbox 520 2317 740 2386; x_wconf 85' lang='lat' dir='ltr'><strong>vadimoniaque</strong></span> <span class='ocrx_word' id='word_1_147' title='bbox 773 2317 835 2372; x_wconf 91' lang='lat' dir='ltr'><strong>eius</strong></span> <span class='ocrx_word' id='word_1_148' title='bbox 866 2317 925 2372; x_wconf 91' lang='lat' dir='ltr'><strong>diei</strong></span> <span class='ocrx_word' id='word_1_149' title='bbox 960 2316 1138 2383; x_wconf 68' lang='lat' dir='ltr'><strong>didferantur</strong></span> <span class='ocrx_word' id='word_1_150' title='bbox 1171 2333 1209 2373; x_wconf 89' lang='lat' dir='ltr'><strong>ne</strong></span> <span class='ocrx_word' id='word_1_151' title='bbox 1236 2332 1288 2387; x_wconf 90' lang='lat' dir='ltr'><strong>per</strong></span> 
     </span>
     <span class='ocr_line' id='line_1_21' title="bbox 151 2402 1290 2475; baseline -0.003 -15"><span class='ocrx_word' id='word_1_152' title='bbox 151 2422 222 2475; x_wconf 88' lang='lat' dir='ltr'><strong>quas</strong></span> <span class='ocrx_word' id='word_1_153' title='bbox 242 2408 296 2472; x_wconf 87' lang='lat' dir='ltr'><strong>r]es</strong></span> <span class='ocrx_word' id='word_1_154' title='bbox 321 2403 413 2472; x_wconf 87' lang='lat' dir='ltr'><strong>possit</strong></span> <span class='ocrx_word' id='word_1_155' title='bbox 437 2418 500 2457; x_wconf 89' lang='lat' dir='ltr'><strong>esse</strong></span> <span class='ocrx_word' id='word_1_156' title='bbox 525 2402 682 2470; x_wconf 68' lang='lat' dir='ltr'><strong>mpeditus</strong></span> <span class='ocrx_word' id='word_1_157' title='bbox 704 2403 826 2472; x_wconf 90' lang='lat' dir='ltr'><strong>populus</strong></span> <span class='ocrx_word' id='word_1_158' title='bbox 852 2405 1001 2471; x_wconf 89' lang='lat' dir='ltr'><strong>quominus</strong></span> <span class='ocrx_word' id='word_1_159' title='bbox 1020 2403 1117 2469; x_wconf 73' lang='lat' dir='ltr'><strong>funins</strong></span> <span class='ocrx_word' id='word_1_160' title='bbox 1135 2403 1239 2472; x_wconf 89' lang='lat' dir='ltr'><strong>optimi</strong></span> <span class='ocrx_word' id='word_1_161' title='bbox 1258 2409 1290 2459; x_wconf 89' lang='lat' dir='ltr'><strong>et</strong></span> 
     </span>
     <span class='ocr_line' id='line_1_22' title="bbox 150 2485 1289 2560; baseline -0.005 -14"><span class='ocrx_word' id='word_1_162' title='bbox 150 2490 421 2556; x_wconf 59' lang='lat' dir='ltr'><strong>mulnilficentissimi</strong></span> <span class='ocrx_word' id='word_1_163' title='bbox 440 2489 547 2557; x_wconf 89' lang='lat' dir='ltr'><strong>princis</strong></span> <span class='ocrx_word' id='word_1_164' title='bbox 568 2489 625 2554; x_wconf 74' lang='lat' dir='ltr'><strong>(sic)</strong></span> <span class='ocrx_word' id='word_1_165' title='bbox 644 2489 707 2554; x_wconf 75' lang='lat' dir='ltr'><strong>vliri</strong></span> <span class='ocrx_word' id='word_1_166' title='bbox 720 2503 803 2558; x_wconf 91' lang='lat' dir='ltr'><strong>quam</strong></span> <span class='ocrx_word' id='word_1_167' title='bbox 815 2489 944 2556; x_wconf 87' lang='lat' dir='ltr'><strong>maxime]</strong></span> <span class='ocrx_word' id='word_1_168' title='bbox 961 2485 1136 2560; x_wconf 76' lang='lat' dir='ltr'><strong>frequentet.</strong></span> <span class='ocrx_word' id='word_1_169' title='bbox 1169 2488 1289 2542; x_wconf 76' lang='lat' dir='ltr'><strong>Hirsch-</strong></span> 
     </span>
     <span class='ocr_line' id='line_1_23' title="bbox 145 2577 216 2648; baseline -0.028 -19"><span class='ocrx_word' id='word_1_170' title='bbox 145 2577 216 2648; x_wconf 78' lang='lat' dir='ltr'><strong>feld.</strong></span> 
     </span>
    </p>

    <p class='ocr_par' dir='ltr' id='par_1_10' title="bbox 151 2660 1291 2814">
     <span class='ocr_line' id='line_1_24' title="bbox 219 2660 1291 2727; baseline 0.002 -14"><span class='ocrx_word' id='word_1_171' title='bbox 219 2664 277 2713; x_wconf 82' lang='lat'>214.</span> <span class='ocrx_word' id='word_1_172' title='bbox 313 2678 388 2714; x_wconf 76' lang='lat' dir='ltr'><strong>cacus</strong></span> <span class='ocrx_word' id='word_1_173' title='bbox 405 2660 479 2713; x_wconf 76' lang='lat' dir='ltr'><strong>urbis</strong></span> <span class='ocrx_word' id='word_1_174' title='bbox 496 2660 614 2714; x_wconf 80' lang='lat' dir='ltr'><strong>Martial.</strong></span> <span class='ocrx_word' id='word_1_175' title='bbox 634 2660 679 2714; x_wconf 94' lang='lat' dir='ltr'><strong>III</strong></span> <span class='ocrx_word' id='word_1_176' title='bbox 698 2662 768 2727; x_wconf 57' lang='lat'><strong>522</strong></span> <span class='ocrx_word' id='word_1_177' title='bbox 792 2661 910 2717; x_wconf 89' lang='lat' dir='ltr'><strong>abstulit</strong></span> <span class='ocrx_word' id='word_1_178' title='bbox 926 2660 1000 2715; x_wconf 88' lang='lat' dir='ltr'><strong>hane</strong></span> <span class='ocrx_word' id='word_1_179' title='bbox 1020 2660 1148 2726; x_wconf 67' lang='lat' dir='ltr'><strong>(domum)</strong></span> <span class='ocrx_word' id='word_1_180' title='bbox 1166 2661 1291 2715; x_wconf 92' lang='lat' dir='ltr'><strong>nimium</strong></span> 
     </span>
     <span class='ocr_line' id='line_1_25' title="bbox 151 2746 525 2814; baseline -0.016 -12"><span class='ocrx_word' id='word_1_181' title='bbox 151 2764 234 2803; x_wconf 87' lang='lat' dir='ltr'><strong>casus</strong></span> <span class='ocrx_word' id='word_1_182' title='bbox 253 2748 283 2801; x_wconf 92' lang='lat' dir='ltr'><strong>in</strong></span> <span class='ocrx_word' id='word_1_183' title='bbox 301 2746 370 2801; x_wconf 89' lang='lat' dir='ltr'><strong>urbe</strong></span> <span class='ocrx_word' id='word_1_184' title='bbox 388 2746 525 2814; x_wconf 85' lang='lat' dir='ltr'><strong>frequens.</strong></span> 
     </span>
    </p>

    <p class='ocr_par' dir='ltr' id='par_1_11' title="bbox 152 2830 1291 2982">
     <span class='ocr_line' id='line_1_26' title="bbox 221 2830 1291 2902; baseline 0.004 -18"><span class='ocrx_word' id='word_1_185' title='bbox 221 2835 278 2884; x_wconf 80' lang='grc'>215.</span> <span class='ocrx_word' id='word_1_186' title='bbox 314 2833 401 2884; x_wconf 80' lang='lat' dir='ltr'><strong>Ardet</strong></span> <span class='ocrx_word' id='word_1_187' title='bbox 419 2832 504 2884; x_wconf 77' lang='lat' dir='ltr'><strong>adhue</strong></span> <span class='ocrx_word' id='word_1_188' title='bbox 525 2833 687 2899; x_wconf 81' lang='lat' dir='ltr'><strong>persomich</strong></span> <span class='ocrx_word' id='word_1_189' title='bbox 711 2833 765 2888; x_wconf 83' lang='lat' dir='ltr'><strong>wie</strong></span> <span class='ocrx_word' id='word_1_190' title='bbox 789 2833 844 2887; x_wconf 92' lang='lat' dir='ltr'><strong>iam</strong></span> <span class='ocrx_word' id='word_1_191' title='bbox 866 2833 1011 2901; x_wconf 77' lang='lat' dir='ltr'><strong>proximus</strong></span> <span class='ocrx_word' id='word_1_192' title='bbox 1035 2833 1116 2888; x_wconf 88' lang='lat' dir='ltr'><strong>ardet</strong></span> <span class='ocrx_word' id='word_1_193' title='bbox 1139 2830 1291 2902; x_wconf 72' lang='lat' dir='ltr'><strong>Ucalegon</strong></span> 
     </span>
     <span class='ocr_line' id='line_1_27' title="bbox 152 2916 1074 2982; baseline -0.005 -9"><span class='ocrx_word' id='word_1_194' title='bbox 152 2920 210 2973; x_wconf 93' lang='lat' dir='ltr'><strong>und</strong></span> <span class='ocrx_word' id='word_1_195' title='bbox 227 2919 343 2973; x_wconf 90' lang='lat' dir='ltr'><strong>ultimus</strong></span> <span class='ocrx_word' id='word_1_196' title='bbox 361 2917 472 2973; x_wconf 87' lang='lat' dir='ltr'><strong>ardebit</strong></span> <span class='ocrx_word' id='word_1_197' title='bbox 490 2919 547 2982; x_wconf 76' lang='grc'>101,</span> <span class='ocrx_word' id='word_1_198' title='bbox 566 2919 627 2972; x_wconf 85' lang='grc'>5155</span> <span class='ocrx_word' id='word_1_199' title='bbox 645 2916 697 2972; x_wconf 85' lang='lat' dir='ltr'><strong>auf</strong></span> <span class='ocrx_word' id='word_1_200' title='bbox 711 2917 862 2973; x_wconf 87' lang='lat' dir='ltr'><strong>Asturicus</strong></span> <span class='ocrx_word' id='word_1_201' title='bbox 880 2935 915 2973; x_wconf 87' lang='lat' dir='ltr'><strong>uu</strong></span> <span class='ocrx_word' id='word_1_202' title='bbox 933 2918 1074 2973; x_wconf 85' lang='lat' dir='ltr'><strong>beuiehen.</strong></span> 
     </span>
    </p>

    <p class='ocr_par' dir='ltr' id='par_1_12' title="bbox 153 3003 1289 3154">
     <span class='ocr_line' id='line_1_28' title="bbox 219 3003 1289 3059; baseline 0.002 -2"><span class='ocrx_word' id='word_1_203' title='bbox 219 3021 354 3057; x_wconf 69' lang='lat' dir='ltr'><strong>cannara</strong></span> <span class='ocrx_word' id='word_1_204' title='bbox 371 3020 433 3057; x_wconf 87' lang='lat' dir='ltr'><strong>rum</strong></span> <span class='ocrx_word' id='word_1_205' title='bbox 450 3003 608 3058; x_wconf 87' lang='lat' dir='ltr'><strong>Belrleiden</strong></span> <span class='ocrx_word' id='word_1_206' title='bbox 625 3004 684 3058; x_wconf 87' lang='lat' dir='ltr'><strong>und</strong></span> <span class='ocrx_word' id='word_1_207' title='bbox 702 3003 877 3059; x_wconf 89' lang='lat' dir='ltr'><strong>Inornstiren</strong></span> <span class='ocrx_word' id='word_1_208' title='bbox 899 3020 956 3059; x_wconf 86' lang='lat' dir='ltr'><strong>von</strong></span> <span class='ocrx_word' id='word_1_209' title='bbox 975 3003 1106 3058; x_wconf 69' lang='lat' dir='ltr'><strong>Winden</strong></span> <span class='ocrx_word' id='word_1_210' title='bbox 1123 3004 1183 3059; x_wconf 93' lang='lat' dir='ltr'><strong>und</strong></span> <span class='ocrx_word' id='word_1_211' title='bbox 1203 3005 1289 3059; x_wconf 81' lang='lat' dir='ltr'><strong>Fuss-</strong></span> 
     </span>
     <span class='ocr_line' id='line_1_29' title="bbox 153 3088 717 3154; baseline -0.009 -9"><span class='ocrx_word' id='word_1_212' title='bbox 153 3090 254 3145; x_wconf 86' lang='lat' dir='ltr'><strong>bbden.</strong></span> <span class='ocrx_word' id='word_1_213' title='bbox 290 3088 343 3145; x_wconf 83' lang='lat' dir='ltr'><strong>SG.</strong></span> <span class='ocrx_word' id='word_1_214' title='bbox 362 3089 489 3143; x_wconf 79' lang='grc'>1113411,</span> <span class='ocrx_word' id='word_1_215' title='bbox 509 3090 567 3143; x_wconf 92' lang='lat' dir='ltr'><strong>und</strong></span> <span class='ocrx_word' id='word_1_216' title='bbox 586 3106 621 3143; x_wconf 83' lang='lat' dir='ltr'><strong>uu</strong></span> <span class='ocrx_word' id='word_1_217' title='bbox 642 3091 663 3154; x_wconf 91' lang='grc'><strong>1,</strong></span> <span class='ocrx_word' id='word_1_218' title='bbox 679 3092 717 3141; x_wconf 83' lang='lat'><strong>12.</strong></span> 
     </span>
    </p>

    <p class='ocr_par' dir='ltr' id='par_1_13' title="bbox 152 3174 1291 4269">
     <span class='ocr_line' id='line_1_30' title="bbox 223 3174 1290 3245; baseline 0.003 -18"><span class='ocrx_word' id='word_1_219' title='bbox 223 3178 281 3227; x_wconf 77' lang='lat'><strong>216.</strong></span> <span class='ocrx_word' id='word_1_220' title='bbox 318 3178 443 3245; x_wconf 81' lang='lat' dir='ltr'><strong>conserat</strong></span> <span class='ocrx_word' id='word_1_221' title='bbox 460 3174 590 3244; x_wconf 67' lang='lat' dir='ltr'><strong>bipennas.</strong></span> <span class='ocrx_word' id='word_1_222' title='bbox 628 3175 776 3244; x_wconf 91' lang='lat' dir='ltr'><strong>Impensae</strong></span> <span class='ocrx_word' id='word_1_223' title='bbox 800 3175 914 3230; x_wconf 82' lang='lat' dir='ltr'><strong>kitnnen</strong></span> <span class='ocrx_word' id='word_1_224' title='bbox 935 3176 966 3229; x_wconf 90' lang='lat' dir='ltr'><strong>in</strong></span> <span class='ocrx_word' id='word_1_225' title='bbox 984 3174 1090 3230; x_wconf 86' lang='lat' dir='ltr'><strong>diesem</strong></span> <span class='ocrx_word' id='word_1_226' title='bbox 1109 3174 1290 3230; x_wconf 78' lang='lat' dir='ltr'><strong>zusammen-</strong></span> 
     </span>
     <span class='ocr_line' id='line_1_31' title="bbox 153 3259 1290 3329; baseline 0.001 -15"><span class='ocrx_word' id='word_1_227' title='bbox 153 3260 245 3329; x_wconf 89' lang='lat' dir='ltr'><strong>hange</strong></span> <span class='ocrx_word' id='word_1_228' title='bbox 263 3259 342 3313; x_wconf 89' lang='lat' dir='ltr'><strong>nieht</strong></span> <span class='ocrx_word' id='word_1_229' title='bbox 360 3259 561 3328; x_wconf 76' lang='lat' dir='ltr'><strong>Geldbeitriige</strong></span> <span class='ocrx_word' id='word_1_230' title='bbox 584 3277 619 3314; x_wconf 85' lang='lat' dir='ltr'><strong>zu</strong></span> <span class='ocrx_word' id='word_1_231' title='bbox 637 3260 693 3314; x_wconf 91' lang='lat' dir='ltr'><strong>den</strong></span> <span class='ocrx_word' id='word_1_232' title='bbox 710 3261 820 3317; x_wconf 88' lang='lat' dir='ltr'><strong>Kosten</strong></span> <span class='ocrx_word' id='word_1_233' title='bbox 838 3262 889 3316; x_wconf 91' lang='lat' dir='ltr'><strong>des</strong></span> <span class='ocrx_word' id='word_1_234' title='bbox 906 3262 981 3315; x_wconf 91' lang='lat' dir='ltr'><strong>Baus</strong></span> <span class='ocrx_word' id='word_1_235' title='bbox 1000 3261 1073 3326; x_wconf 89' lang='lat' dir='ltr'><strong>sein,</strong></span> <span class='ocrx_word' id='word_1_236' title='bbox 1093 3261 1219 3316; x_wconf 90' lang='lat' dir='ltr'><strong>sondern</strong></span> <span class='ocrx_word' id='word_1_237' title='bbox 1236 3277 1290 3315; x_wconf 90' lang='lat' dir='ltr'><strong>nur</strong></span> 
     </span>
     <span class='ocr_line' id='line_1_32' title="bbox 154 3344 1291 3415; baseline 0.001 -15"><span class='ocrx_word' id='word_1_238' title='bbox 154 3344 339 3400; x_wconf 86' lang='lat' dir='ltr'><strong>Materialien.</strong></span> <span class='ocrx_word' id='word_1_239' title='bbox 375 3344 514 3400; x_wconf 88' lang='lat' dir='ltr'><strong>Ammian.</strong></span> <span class='ocrx_word' id='word_1_240' title='bbox 533 3346 647 3401; x_wconf 87' lang='lat' dir='ltr'>XXVII</span> <span class='ocrx_word' id='word_1_241' title='bbox 666 3347 722 3411; x_wconf 85' lang='grc'><strong>3,9</strong></span> <span class='ocrx_word' id='word_1_242' title='bbox 748 3346 880 3403; x_wconf 83' lang='lat' dir='ltr'><strong>aedificia</strong></span> <span class='ocrx_word' id='word_1_243' title='bbox 902 3348 1010 3415; x_wconf 86' lang='lat' dir='ltr'><strong>erigere</strong></span> <span class='ocrx_word' id='word_1_244' title='bbox 1035 3345 1189 3402; x_wconf 83' lang='lat' dir='ltr'><strong>exordiens</strong></span> <span class='ocrx_word' id='word_1_245' title='bbox 1213 3362 1291 3401; x_wconf 84' lang='lat' dir='ltr'><strong>nova</strong></span> 
     </span>
     <span class='ocr_line' id='line_1_33' title="bbox 156 3431 1291 3500; baseline 0.002 -15"><span class='ocrx_word' id='word_1_246' title='bbox 156 3432 201 3487; x_wconf 86' lang='lat' dir='ltr'><strong>vel</strong></span> <span class='ocrx_word' id='word_1_247' title='bbox 223 3432 492 3498; x_wconf 74' lang='lat' dir='ltr'><strong>vetusta&#39;quaedam</strong></span> <span class='ocrx_word' id='word_1_248' title='bbox 511 3432 672 3486; x_wconf 81' lang='lat' dir='ltr'><strong>instaurans</strong></span> <span class='ocrx_word' id='word_1_249' title='bbox 699 3447 757 3486; x_wconf 95' lang='lat' dir='ltr'><strong>non</strong></span> <span class='ocrx_word' id='word_1_250' title='bbox 781 3448 816 3487; x_wconf 85' lang='lat' dir='ltr'><strong>err</strong></span> <span class='ocrx_word' id='word_1_251' title='bbox 834 3432 927 3488; x_wconf 89' lang='lat' dir='ltr'><strong>titulis</strong></span> <span class='ocrx_word' id='word_1_252' title='bbox 945 3432 1038 3487; x_wconf 88' lang='lat' dir='ltr'><strong>solitis</strong></span> <span class='ocrx_word' id='word_1_253' title='bbox 1056 3433 1151 3500; x_wconf 86' lang='lat' dir='ltr'><strong>parari</strong></span> <span class='ocrx_word' id='word_1_254' title='bbox 1170 3431 1291 3488; x_wconf 90' lang='lat' dir='ltr'><strong>iubebat</strong></span> 
     </span>
     <span class='ocr_line' id='line_1_34' title="bbox 153 3515 1289 3587; baseline 0.001 -16"><span class='ocrx_word' id='word_1_255' title='bbox 153 3518 303 3585; x_wconf 84' lang='lat' dir='ltr'><strong>impensas,</strong></span> <span class='ocrx_word' id='word_1_256' title='bbox 317 3516 368 3570; x_wconf 91' lang='lat' dir='ltr'><strong>sed</strong></span> <span class='ocrx_word' id='word_1_257' title='bbox 380 3517 405 3569; x_wconf 93' lang='lat' dir='ltr'><strong>si</strong></span> <span class='ocrx_word' id='word_1_258' title='bbox 414 3515 518 3571; x_wconf 87' lang='lat' dir='ltr'><strong>ferrum</strong></span> <span class='ocrx_word' id='word_1_259' title='bbox 531 3517 719 3586; x_wconf 90' lang='lat' dir='ltr'><strong>quaerebatur</strong></span> <span class='ocrx_word' id='word_1_260' title='bbox 731 3526 781 3574; x_wconf 89' lang='lat' dir='ltr'><strong>aut</strong></span> <span class='ocrx_word' id='word_1_261' title='bbox 793 3518 937 3587; x_wconf 85' lang='lat' dir='ltr'><strong>plumbum</strong></span> <span class='ocrx_word' id='word_1_262' title='bbox 950 3523 1000 3571; x_wconf 91' lang='lat' dir='ltr'><strong>aut</strong></span> <span class='ocrx_word' id='word_1_263' title='bbox 1012 3532 1060 3572; x_wconf 91' lang='lat' dir='ltr'><strong>aes</strong></span> <span class='ocrx_word' id='word_1_264' title='bbox 1073 3522 1123 3571; x_wconf 91' lang='lat' dir='ltr'><strong>aut</strong></span> <span class='ocrx_word' id='word_1_265' title='bbox 1135 3518 1289 3587; x_wconf 84' lang='lat' dir='ltr'><strong>quicquam</strong></span> 
     </span>
     <span class='ocr_line' id='line_1_35' title="bbox 153 3602 1286 3672; baseline -0.003 -15"><span class='ocrx_word' id='word_1_266' title='bbox 153 3604 252 3669; x_wconf 88' lang='lat' dir='ltr'><strong>simile,</strong></span> <span class='ocrx_word' id='word_1_267' title='bbox 272 3602 448 3670; x_wconf 87' lang='lat' dir='ltr'><strong>adparitores</strong></span> <span class='ocrx_word' id='word_1_268' title='bbox 467 3603 661 3669; x_wconf 84' lang='lat' dir='ltr'><strong>mittebantur,</strong></span> <span class='ocrx_word' id='word_1_269' title='bbox 682 3604 916 3672; x_wconf 89' lang='lat' dir='ltr'><strong>qui—raperent</strong></span> <span class='ocrx_word' id='word_1_270' title='bbox 933 3603 1050 3672; x_wconf 90' lang='lat' dir='ltr'><strong>species.</strong></span> <span class='ocrx_word' id='word_1_271' title='bbox 1087 3602 1188 3658; x_wconf 86' lang='lat' dir='ltr'>XXIX</span> <span class='ocrx_word' id='word_1_272' title='bbox 1212 3605 1236 3669; x_wconf 89' lang='grc'><strong>0,</strong></span> <span class='ocrx_word' id='word_1_273' title='bbox 1256 3606 1286 3654; x_wconf 92' lang='grc'><strong>11</strong></span> 
     </span>
     <span class='ocr_line' id='line_1_36' title="bbox 154 3687 1289 3757; baseline 0.001 -15"><span class='ocrx_word' id='word_1_274' title='bbox 154 3704 239 3757; x_wconf 90' lang='lat' dir='ltr'><strong>opere</strong></span> <span class='ocrx_word' id='word_1_275' title='bbox 257 3688 394 3742; x_wconf 85' lang='lat' dir='ltr'><strong>velociter</strong></span> <span class='ocrx_word' id='word_1_276' title='bbox 413 3687 544 3743; x_wconf 88' lang='lat' dir='ltr'><strong>absoluto</strong></span> <span class='ocrx_word' id='word_1_277' title='bbox 564 3688 642 3756; x_wconf 89' lang='lat' dir='ltr'><strong>quod</strong></span> <span class='ocrx_word' id='word_1_278' title='bbox 660 3689 802 3756; x_wconf 89' lang='lat' dir='ltr'><strong>impensas</strong></span> <span class='ocrx_word' id='word_1_279' title='bbox 820 3687 990 3744; x_wconf 85' lang='lat' dir='ltr'><strong>aedificandi</strong></span> <span class='ocrx_word' id='word_1_280' title='bbox 1008 3703 1096 3742; x_wconf 85' lang='lat' dir='ltr'><strong>causa</strong></span> <span class='ocrx_word' id='word_1_281' title='bbox 1113 3687 1219 3743; x_wconf 88' lang='lat' dir='ltr'><strong>theatri</strong></span> <span class='ocrx_word' id='word_1_282' title='bbox 1238 3688 1289 3743; x_wconf 92' lang='lat' dir='ltr'><strong>du-</strong></span> 
     </span>
     <span class='ocr_line' id='line_1_37' title="bbox 154 3773 1289 3842; baseline -0.001 -14"><span class='ocrx_word' id='word_1_283' title='bbox 154 3774 219 3828; x_wconf 86' lang='lat' dir='ltr'><strong>dum</strong></span> <span class='ocrx_word' id='word_1_284' title='bbox 232 3778 381 3842; x_wconf 88' lang='lat' dir='ltr'><strong>congestas</strong></span> <span class='ocrx_word' id='word_1_285' title='bbox 390 3801 425 3810; x_wconf 92' lang='lat'><em>-</em></span> <span class='ocrx_word' id='word_1_286' title='bbox 434 3774 558 3838; x_wconf 81' lang='lat' dir='ltr'><strong>invenit3</strong></span> <span class='ocrx_word' id='word_1_287' title='bbox 573 3790 617 3828; x_wconf 87' lang='lat' dir='ltr'><strong>wo</strong></span> <span class='ocrx_word' id='word_1_288' title='bbox 630 3773 762 3828; x_wconf 90' lang='lat' dir='ltr'><strong>Valesius</strong></span> <span class='ocrx_word' id='word_1_289' title='bbox 774 3789 871 3828; x_wconf 91' lang='lat' dir='ltr'><strong>ausser</strong></span> <span class='ocrx_word' id='word_1_290' title='bbox 883 3774 933 3828; x_wconf 93' lang='lat' dir='ltr'><strong>der</strong></span> <span class='ocrx_word' id='word_1_291' title='bbox 944 3773 1150 3828; x_wconf 83' lang='lat' dir='ltr'><strong>Juvenslstelle</strong></span> <span class='ocrx_word' id='word_1_292' title='bbox 1162 3774 1289 3830; x_wconf 89' lang='lat' dir='ltr'><strong>mehrere</strong></span> 
     </span>
     <span class='ocr_line' id='line_1_38' title="bbox 154 3857 1289 3927; baseline 0.001 -14"><span class='ocrx_word' id='word_1_293' title='bbox 154 3859 385 3927; x_wconf 79' lang='lat' dir='ltr'><strong>spatlateinisehe</strong></span> <span class='ocrx_word' id='word_1_294' title='bbox 404 3857 522 3914; x_wconf 82' lang='lat' dir='ltr'><strong>antithrt.</strong></span> <span class='ocrx_word' id='word_1_295' title='bbox 560 3858 645 3914; x_wconf 87' lang='lat' dir='ltr'><strong>Orelli</strong></span> <span class='ocrx_word' id='word_1_296' title='bbox 665 3862 697 3911; x_wconf 82' lang='lat'><strong>39</strong></span> <span class='ocrx_word' id='word_1_297' title='bbox 716 3881 748 3904; x_wconf 94' lang='lat'><em>=</em></span> <span class='ocrx_word' id='word_1_298' title='bbox 767 3858 834 3913; x_wconf 76' lang='lat' dir='ltr'>CIL.</span> <span class='ocrx_word' id='word_1_299' title='bbox 855 3859 897 3913; x_wconf 92' lang='lat' dir='ltr'><strong>VI</strong></span> <span class='ocrx_word' id='word_1_300' title='bbox 917 3860 996 3911; x_wconf 78' lang='lat'>1585⁸</span> <span class='ocrx_word' id='word_1_301' title='bbox 1013 3859 1125 3927; x_wconf 87' lang='lat' dir='ltr'><strong>tegulas</strong></span> <span class='ocrx_word' id='word_1_302' title='bbox 1145 3874 1242 3915; x_wconf 88' lang='lat' dir='ltr'><strong>omnes</strong></span> <span class='ocrx_word' id='word_1_303' title='bbox 1259 3870 1289 3914; x_wconf 89' lang='grc'><strong>51</strong></span> 
     </span>
     <span class='ocr_line' id='line_1_39' title="bbox 154 3943 1288 4014; baseline 0 -16"><span class='ocrx_word' id='word_1_304' title='bbox 154 3945 281 4012; x_wconf 90' lang='lat' dir='ltr'><strong>impensa</strong></span> <span class='ocrx_word' id='word_1_305' title='bbox 300 3946 355 4007; x_wconf 73' lang='lat' dir='ltr'><strong>{sic}</strong></span> <span class='ocrx_word' id='word_1_306' title='bbox 376 3973 408 3983; x_wconf 90' lang='lat'>-</span> <span class='ocrx_word' id='word_1_307' title='bbox 427 3944 547 4014; x_wconf 84' lang='lat' dir='ltr'><strong>adsigna</strong></span> <span class='ocrx_word' id='word_1_308' title='bbox 564 3943 688 4001; x_wconf 89' lang='lat' dir='ltr'><strong>Adrasto</strong></span> <span class='ocrx_word' id='word_1_309' title='bbox 710 3946 886 4014; x_wconf 82' lang='lat' dir='ltr'><strong>procuratori</strong></span> <span class='ocrx_word' id='word_1_310' title='bbox 905 3945 1052 3999; x_wconf 89' lang='lat' dir='ltr'><strong>columnae</strong></span> <span class='ocrx_word' id='word_1_311' title='bbox 1070 3944 1131 3999; x_wconf 83' lang='lat' dir='ltr'><strong>divi</strong></span> <span class='ocrx_word' id='word_1_312' title='bbox 1150 3945 1238 4000; x_wconf 84' lang='lat' dir='ltr'><strong>llarci</strong></span> <span class='ocrx_word' id='word_1_313' title='bbox 1256 3954 1288 3999; x_wconf 87' lang='lat' dir='ltr'><strong>ut</strong></span> 
     </span>
     <span class='ocr_line' id='line_1_40' title="bbox 152 4029 1288 4100; baseline 0.004 -18"><span class='ocrx_word' id='word_1_314' title='bbox 152 4058 188 4066; x_wconf 96' lang='lat'>—</span> <span class='ocrx_word' id='word_1_315' title='bbox 204 4029 359 4097; x_wconf 91' lang='lat' dir='ltr'><strong>hospitium</strong></span> <span class='ocrx_word' id='word_1_316' title='bbox 383 4040 426 4093; x_wconf 66' lang='lat' dir='ltr'><strong>{uu</strong></span> <span class='ocrx_word' id='word_1_317' title='bbox 446 4031 503 4094; x_wconf 70' lang='grc'>166)</span> <span class='ocrx_word' id='word_1_318' title='bbox 526 4031 582 4085; x_wconf 91' lang='lat' dir='ltr'><strong>sibi</strong></span> <span class='ocrx_word' id='word_1_319' title='bbox 606 4037 723 4086; x_wconf 80' lang='lat' dir='ltr'><strong>extrrrat.</strong></span> <span class='ocrx_word' id='word_1_320' title='bbox 765 4031 816 4085; x_wconf 85' lang='lat' dir='ltr'><strong>Ed.</strong></span> <span class='ocrx_word' id='word_1_321' title='bbox 835 4031 927 4085; x_wconf 89' lang='lat' dir='ltr'><strong>Dioel.</strong></span> <span class='ocrx_word' id='word_1_322' title='bbox 954 4033 981 4096; x_wconf 81' lang='lat'><strong>7,</strong></span> <span class='ocrx_word' id='word_1_323' title='bbox 997 4033 1027 4081; x_wconf 90' lang='grc'><strong>15</strong></span> <span class='ocrx_word' id='word_1_324' title='bbox 1052 4045 1079 4083; x_wconf 88' lang='grc' dir='ltr'><strong>ιι.</strong></span> <span class='ocrx_word' id='word_1_325' title='bbox 1101 4031 1132 4083; x_wconf 89' lang='grc'><strong>10</strong></span> <span class='ocrx_word' id='word_1_326' title='bbox 1152 4032 1288 4100; x_wconf 72' lang='lat' dir='ltr'><strong>(impensa</strong></span> 
     </span>
     <span class='ocr_line' id='line_1_41' title="bbox 155 4114 1288 4185; baseline 0.001 -17"><span class='ocrx_word' id='word_1_327' title='bbox 155 4114 204 4168; x_wconf 91' lang='lat' dir='ltr'><strong>das</strong></span> <span class='ocrx_word' id='word_1_328' title='bbox 222 4115 350 4169; x_wconf 87' lang='lat' dir='ltr'><strong>Material</strong></span> <span class='ocrx_word' id='word_1_329' title='bbox 374 4132 408 4169; x_wconf 85' lang='lat' dir='ltr'><strong>au</strong></span> <span class='ocrx_word' id='word_1_330' title='bbox 426 4116 558 4184; x_wconf 79' lang='lat' dir='ltr'><strong>Ziegelnl.</strong></span> <span class='ocrx_word' id='word_1_331' title='bbox 600 4116 664 4185; x_wconf 89' lang='lat' dir='ltr'><strong>Vgl.</strong></span> <span class='ocrx_word' id='word_1_332' title='bbox 690 4117 737 4171; x_wconf 89' lang='lat' dir='ltr'><strong>die</strong></span> <span class='ocrx_word' id='word_1_333' title='bbox 762 4117 879 4185; x_wconf 85' lang='lat' dir='ltr'><strong>librigen</strong></span> <span class='ocrx_word' id='word_1_334' title='bbox 907 4133 964 4171; x_wconf 89' lang='lat' dir='ltr'><strong>von</strong></span> <span class='ocrx_word' id='word_1_335' title='bbox 982 4115 1109 4184; x_wconf 79' lang='lat' dir='ltr'><strong>Georges</strong></span> <span class='ocrx_word' id='word_1_336' title='bbox 1132 4122 1216 4172; x_wconf 89' lang='lat' dir='ltr'><strong>unter</strong></span> <span class='ocrx_word' id='word_1_337' title='bbox 1240 4116 1288 4170; x_wconf 90' lang='lat' dir='ltr'><strong>im-</strong></span> 
     </span>
     <span class='ocr_line' id='line_1_42' title="bbox 153 4200 623 4269; baseline 0.002 -17"><span class='ocrx_word' id='word_1_338' title='bbox 153 4214 241 4266; x_wconf 86' lang='lat' dir='ltr'><strong>pensa</strong></span> <span class='ocrx_word' id='word_1_339' title='bbox 259 4200 287 4252; x_wconf 92' lang='lat' dir='ltr'><strong>II</strong></span> <span class='ocrx_word' id='word_1_340' title='bbox 307 4200 492 4269; x_wconf 85' lang='lat' dir='ltr'><strong>angefuhrton</strong></span> <span class='ocrx_word' id='word_1_341' title='bbox 510 4201 623 4257; x_wconf 86' lang='lat' dir='ltr'><strong>Stellen.</strong></span> 
     </span>
    </p>

    <p class='ocr_par' dir='ltr' id='par_1_14' title="bbox 155 4286 1288 4441">
     <span class='ocr_line' id='line_1_43' title="bbox 223 4286 1287 4358; baseline 0.007 -23"><span class='ocrx_word' id='word_1_342' title='bbox 223 4287 280 4337; x_wconf 75' lang='lat'><strong>217.</strong></span> <span class='ocrx_word' id='word_1_343' title='bbox 317 4286 507 4354; x_wconf 79' lang='lat' dir='ltr'><strong>Euphranoris</strong></span> <span class='ocrx_word' id='word_1_344' title='bbox 519 4293 544 4340; x_wconf 84' lang='lat' dir='ltr'><strong>et</strong></span> <span class='ocrx_word' id='word_1_345' title='bbox 558 4289 690 4358; x_wconf 77' lang='lat' dir='ltr'><strong>Polycliti.</strong></span> <span class='ocrx_word' id='word_1_346' title='bbox 716 4289 773 4343; x_wconf 92' lang='lat' dir='ltr'><strong>Der</strong></span> <span class='ocrx_word' id='word_1_347' title='bbox 785 4296 890 4344; x_wconf 87' lang='lat' dir='ltr'><strong>erstere</strong></span> <span class='ocrx_word' id='word_1_348' title='bbox 903 4290 993 4345; x_wconf 89' lang='lat' dir='ltr'><strong>selten</strong></span> <span class='ocrx_word' id='word_1_349' title='bbox 1006 4288 1104 4354; x_wconf 83' lang='lat' dir='ltr'><strong>(Varro</strong></span> <span class='ocrx_word' id='word_1_350' title='bbox 1116 4287 1188 4343; x_wconf 91' lang='lat' dir='ltr'><strong>Plin.</strong></span> <span class='ocrx_word' id='word_1_351' title='bbox 1202 4287 1287 4353; x_wconf 80' lang='lat' dir='ltr'><strong>Quin·</strong></span> 
     </span>
     <span class='ocr_line' id='line_1_44' title="bbox 155 4369 1288 4441; baseline 0.004 -18"><span class='ocrx_word' id='word_1_352' title='bbox 155 4369 263 4434; x_wconf 78' lang='lat' dir='ltr'><strong>tiliam),</strong></span> <span class='ocrx_word' id='word_1_353' title='bbox 282 4370 331 4425; x_wconf 88' lang='lat' dir='ltr'><strong>der</strong></span> <span class='ocrx_word' id='word_1_354' title='bbox 348 4370 463 4428; x_wconf 88' lang='lat' dir='ltr'><strong>letatere</strong></span> <span class='ocrx_word' id='word_1_355' title='bbox 483 4374 562 4435; x_wconf 76' lang='lat' dir='ltr'><strong>(auch</strong></span> <span class='ocrx_word' id='word_1_356' title='bbox 581 4377 605 4441; x_wconf 84' lang='lat'><strong>8,</strong></span> <span class='ocrx_word' id='word_1_357' title='bbox 621 4378 686 4440; x_wconf 73' lang='lat'>1033,</span> <span class='ocrx_word' id='word_1_358' title='bbox 705 4375 806 4431; x_wconf 87' lang='lat' dir='ltr'><strong>dassen</strong></span> <span class='ocrx_word' id='word_1_359' title='bbox 822 4374 960 4432; x_wconf 85' lang='lat' dir='ltr'><strong>Arbeiten</strong></span> <span class='ocrx_word' id='word_1_360' title='bbox 979 4376 1034 4430; x_wconf 93' lang='lat' dir='ltr'><strong>den</strong></span> <span class='ocrx_word' id='word_1_361' title='bbox 1046 4375 1172 4431; x_wconf 78' lang='lat' dir='ltr'><strong>Romeru</strong></span> <span class='ocrx_word' id='word_1_362' title='bbox 1189 4375 1288 4432; x_wconf 88' lang='lat' dir='ltr'><strong>beson-</strong></span> 
     </span>
    </p>
   </div>
   <div class='ocr_carea' id='block_1_6' title="bbox 0 0 1459 4936">
    <p class='ocr_par' dir='ltr' id='par_1_15' title="bbox 0 0 1459 4936">
     <span class='ocr_line' id='line_1_45' title="bbox 0 0 1459 4936; baseline 0 0"><span class='ocrx_word' id='word_1_363' title='bbox 0 0 1459 4936; x_wconf 95' lang='lat' dir='ltr'><strong> </strong></span> 
     </span>
    </p>
   </div>
  </div>
 </body>
</html>
