2888 4936
387 378 473 435 Liber
490 379 614 449 quintus.
651 377 754 435 Seture
770 378 848 435 XIV.

139 551 292 636 turpibus
313 570 353 617 sc
373 552 487 636 pravis
508 569 620 617 omnes
642 570 762 633 sumus,
787 556 820 618 et
842 550 1016 618 (letilinam

141 682 343 747 quocumque
365 663 399 728 in
420 663 541 749 populo
563 663 686 745 videns,
710 682 911 746 quocumque
933 663 993 728 sub
1016 682 1086 744 axe,

141 773 201 840 sed
222 794 283 841 neo
304 776 423 841 Brutus
445 777 508 841 erit
529 775 621 840 Bruti
643 794 705 840 neo
727 777 905 841 avunculus
928 794 1090 857 umquam.

140 888 188 952 nil
211 886 300 952 dictu
322 886 453 953 foedum
475 887 613 969 visuque
634 885 717 952 haec
739 886 853 951 limine
875 893 996 970 tanget,

66 1006 112 1062 15
140 999 229 1064 intra
251 1017 336 1081 quse
358 1005 452 1082 pater
475 1004 538 1076 est3
562 997 682 1082 procul,
707 1017 728 1062 a
749 999 861 1081 procul
883 996 960 1064 inde
982 997 1114 1083 puellae

140 1111 294 1175 lenonum
318 1117 351 1176 et
372 1117 487 1176 cantus
509 1110 731 1194 pernoctantis
753 1111 899 1193 parasiti.

140 1222 284 1287 maxims
306 1220 441 1287 debetur
463 1240 563 1304 puero
585 1221 776 1302 reverentis,
800 1221 909 1305 siquid

140 1341 237 1417 turpe
257 1352 366 1417 peras,
390 1352 451 1399 neo
471 1340 506 1398 tu
528 1333 622 1417 pueri
644 1333 876 1416 contempseris
898 1352 1009 1415 annos,

142 1442 202 1509 sed
224 1452 398 1528 peccaturo
421 1444 528 1510 obstet
550 1444 608 1510 tibi
631 1443 718 1510 filius
740 1444 858 1510 infans.

67 1564 116 1620 5ο
141 1575 219 1621 nam
242 1556 350 1639 siquid
372 1554 507 1638 dignum
529 1556 673 1621 censoris
696 1555 810 1622 feeerit
832 1556 882 1622 irs

143 1665 339 1751 quandoque
363 1674 396 1733 et
418 1668 555 1734 similem
577 1668 638 1734 tibi
660 1687 782 1733 senon
804 1687 938 1752 corpore
960 1674 1085 1735 tuntum

143 1799 204 1845 nec
226 1781 318 1845 vultu
340 1777 475 1860 dederit,
499 1798 624 1844 morum
645 1798 774 1862 quoque
796 1778 882 1845 lilius
904 1781 1014 1862 etqui

144 1891 254 1955 omnis
276 1889 419 1956 deterius
440 1896 498 1955 tua
518 1911 578 1975 per
600 1891 741 1973 vestigia
761 1898 883 1975 peccet,

143 2003 299 2087 corripies
321 2003 472 2067 nimirum
494 2008 528 2068 et
549 1986 725 2087 castigabis
746 2002 863 2067 acerbo

73 2122 119 2178 55
144 2115 287 2181 clamore
309 2133 349 2179 sc
370 2120 444 2198 post
465 2114 547 2180 haec
568 2113 699 2182 tabulas
720 2119 846 2179 mutere
867 2113 1027 2198 parabis?

163 2281 206 2331 43.
242 2292 365 2347 umquem
384 2279 412 2332 P
422 2278 566 2332 emulos
584 2293 702 2347 usquam
715 2295 759 2347 po
771 2277 846 2331 Jahn
858 2275 1008 2330 secuere

162 2366 205 2416 45.
240 2367 331 2432 peter]
348 2380 420 2432 puer
437 2362 562 2426 sutore
582 2363 671 2418 Pare.
707 2369 789 2433 peter
807 2378 836 2419 es
855 2362 894 2416 St
917 2363 974 2428 (ubi
995 2361 1069 2418 filios
1087 2360 1191 2426 hebes).

52 2449 91 2505 th
114 2449 550 2505 OroennsoPsooellrsen.

161 2537 205 2588 48.
240 2537 302 2601 uec]
319 2550 356 2590 ue
374 2553 390 2596 ς
407 2539 644 2607 utpnmnaflsret
662 2544 702 2589 17.

164 2623 206 2674 51.
242 2621 411 2691 quaudoque
430 2621 458 2674 P
472 2621 587 2690 quidem
603 2638 687 2690 cupra
699 2637 753 2690 que
765 2620 874 2690 eerspsit
882 2639 903 2690 p
922 2619 1151 2689 quandoquidem
1162 2639 1190 2670 ω.

165 2769 207 2819 18.
241 2767 347 2821 Lucan.
365 2764 439 2845 Vlli
456 2768 506 2818 195
534 2783 590 2822 non
612 2767 726 2837 impune
754 2776 819 2823 tuos
845 2767 964 2835 Magnus
991 2766 1193 2834 contempserit

59 2869 158 2908 sunos.

61 2950 267 2959 ——·.—--

60 2991 138 3047 leret
158 2989 196 3044 ed
214 2989 356 3045 deteriore
372 2987 472 3046 faciles
490 3005 592 3045 sumus.
628 2990 723 3044 llsnil.
743 2989 784 3044 IV
796 2992 897 3042 89-81
916 2990 993 3059 quod
1011 2989 1117 3043 Decios
1135 3005 1193 3043 non

59 3091 144 3132 omne
169 3074 250 3144 tulit,
276 3090 335 3130 non
359 3089 440 3130 omne
458 3074 592 3131 Camillos
626 3075 749 3144 Tempus
768 3080 797 3130 et
815 3075 953 3130 invictum
971 3075 1086 3129 devicta
1103 3079 1192 3128 morte

58 3162 369 3317 Oewpgm·qmmqm
386 3277 421 3286 -
438 3265 607 3317 quocumque.
642 3246 800 3302 Aehnliche
817 3246 1041 3314 Wiederholung
1058 3248 1083 3311 3,
1096 3247 1153 3296 230.

129 3335 172 3386 19.
208 3333 296 3386 Bruti
317 3334 478 3387 avunculus:
506 3331 577 3388 Osto
595 3333 751 3398 Uticensis,
776 3333 878 3388 dessen
897 3331 1054 3388 Schwester
1072 3330 1194 3387 Servilio

55 3420 109 3476 die
123 3419 230 3475 Mutter
246 3419 297 3474 des
312 3418 349 3473 u.
361 3420 472 3484 Brutus,
492 3419 542 3474 des
559 3419 684 3475 Mordere
702 3418 836 3485 Ceescr’s,
855 3434 920 3472 wer.
957 3416 995 3473 So
1013 3416 1103 3471 heisst
1120 3415 1194 3470 Coli-

50 3504 130 3575 guls
147 3507 172 3571 6,
185 3506 234 3557 615
254 3503 411 3560 avunculus
429 3505 478 3560 illo
496 3505 623 3559 Neronis.
658 3505 751 3560 lleber
768 3504 864 3561 solohe
882 3502 1141 3570 Umschreibungsn
1160 3518 1196 3555 uu

54 3593 86 3658 δ’
104 3593 174 3728 45415.
204 3678 314 3745 procul,
339 3694 357 3729 a
373 3678 473 3746 proed
495 3676 562 3728 inde.
599 3676 669 3731 Stet.
688 3675 715 3731 S.
729 3676 810 3738 1113,
826 3679 856 3727 13
881 3674 982 3743 procul
1002 3674 1076 3739 hinc,
1094 3673 1195 3740 procul

55 3763 104 3818 ite
126 3768 271 3818 nocentes.
312 3761 433 3832 Bentley
455 3761 818 3830 zuflor.spp.112,1oo
846 3762 946 3829 procul
971 3777 988 3813 s
1011 3758 1110 3827 procul
1134 3762 1195 3812 este

51 3848 243 3986 melpum
278 3933 351 3988 Eine
369 3933 419 3989 der
436 3932 653 3988 suffsllendsten
664 3931 863 4000 Teutologien,
883 3932 919 3985 dn
936 3929 1065 3984 desselbe
1078 3927 1195 3983 dreimsl

56 4024 166 4087 gessgt
182 4018 261 4073 wind.
297 4018 371 4074 Einl.
391 4019 418 4074 S.
432 4022 510 4086 55,1.

133 4107 174 4157 le.
212 4109 241 4158 tu
258 4105 289 4159 in
306 4104 525 4173 Ermnhnungen
543 4101 615 4158 such
633 4105 656 4169 2,
670 4106 715 4167 613
734 4106 758 4169 8,
772 4105 833 4169 2283
854 4106 878 4169 9,
893 4105 953 4167 131,
975 4103 1014 4167 19,
1027 4103 1085 4152 342.

134 4194 175 4242 51.
212 4190 368 4260 modoque
385 4190 490 4247 ebenso
509 4191 550 4245 sls
569 4188 750 4244 indefinitum
769 4191 793 4255 2,
806 4191 837 4240 82
857 4206 883 4243 u.
903 4187 998 4254 5172.

63 4356 113 4414 hit
127 4277 315 4419 ζῖέωεόυἱαε
332 4282 443 4344 mutere,
462 4277 513 4332 des
530 4276 694 4357 Testament
711 4274 817 4329 {indern
833 4277 876 4338 (zu
891 4277 912 4339 1,
925 4275 978 4339 68J;
1000 4273 1102 4339 11,129
1121 4271 1195 4326 dele-
