2888 4936
402 381 488 438 Liber
505 383 614 438 tertius.
651 381 754 436 Satura
771 382 851 437 VIII.

146 553 345 637 segnipedes
368 552 524 637 dignique
546 554 666 619 molam
689 573 822 620 versare
844 562 989 638 nepotes.

37 692 41 697 ·
146 685 225 748 ergo
248 671 284 730 ut
304 665 460 730 miremur
481 672 521 746 te,
546 685 612 730 non
634 672 699 746 tna,
724 667 853 749 privum
875 665 1002 747 aliquid
1025 665 1075 747 da,

146 775 234 857 quod
255 777 378 860 possim
401 775 505 841 titulis
527 776 672 842 innidere
694 784 824 860 praeter
845 777 986 842 honores

78 895 120 950 7ο
145 905 227 968 quos
249 887 316 952 illis
338 887 454 952 damus
476 906 515 951 ao
538 885 695 969 dedimus,
721 888 838 970 quibus
862 889 970 954 omnia
992 888 1102 954 debes.

188 998 270 1063 haee
292 999 373 1064 satis
395 996 438 1064 ad
460 998 613 1064 iuvenem
636 1018 733 1080 quem
756 999 850 1064 nobis
873 1000 962 1066 fama
985 1000 1160 1084 superbum

144 1108 245 1174 tradit
267 1116 301 1174 et
320 1109 470 1174 inflatum
492 1109 689 1192 plenumque
711 1110 842 1175 Nerone
864 1110 1062 1194 propinquo;

144 1238 238 1284 rarus
262 1220 348 1285 enim
371 1219 473 1285 ferme
497 1239 613 1285 sensus
637 1222 815 1287 eommunis
838 1223 872 1287 in
895 1222 955 1286 illa

144 1330 283 1396 fortuna.
330 1329 391 1396 sed
412 1338 445 1396 te
469 1333 595 1397 oenseri
618 1331 716 1397 laude
739 1339 875 1414 tuorum,

79 1450 118 1503 75
144 1442 287 1522 Pontiae,
312 1441 471 1507 noluerim
494 1443 542 1508 sio
564 1449 599 1508 ut
622 1442 704 1508 nihil
727 1445 798 1527 ipse
822 1443 950 1509 futurae

141 1551 251 1617 laudis
273 1570 364 1636 agas.
410 1555 563 1618 miserum
586 1560 637 1619 est
659 1553 798 1619 aliorum
819 1555 1006 1620 incumbere
1029 1556 1146 1638 famae,

143 1684 186 1728 ne
208 1663 366 1747 conlapsa
387 1671 483 1729 ruant
504 1664 671 1730 subductis
693 1672 781 1731 testa
803 1665 971 1730 columnis.

142 1782 264 1840 stratus
287 1774 376 1839 humi
398 1774 525 1858 palmes
547 1774 664 1841 viduas
686 1775 852 1842 desiderat
874 1779 987 1842 ulmos.

142 1894 213 1951 esto
236 1886 341 1950 bonus
364 1886 466 1965 miles,
491 1885 576 1951 tutor
598 1887 711 1967 bonus,
736 1888 857 1953 arbiter
878 1886 965 1953 idem

160 2059 201 2108 el.
237 2061 358 2124 nepotes
378 2057 405 2109 P
436 2057 587 2125 nepotisp
625 2057 843 2127 {supermodum
864 2059 1011 2127 proprium
1028 2060 1153 2128 pistoris)
1174 2081 1195 2111 ω

52 2143 143 2196 Jaen²
161 2142 283 2212 Nepotis
300 2141 404 2194 Joan
413 2142 521 2210 Moyor.

159 2230 200 2280 68.
236 2227 349 2296 privum
370 2226 517 2280 Salmasius
535 2229 657 2296 primum
676 2229 729 2281 Po.

160 2315 201 2366 78.
239 2312 386 2368 desiderat
404 2313 431 2365 P
446 2312 622 2368 ‹ilsoinderet
640 2313 668 2366 in
685 2332 768 2385 maro.
788 2331 882 2367 monuo
899 2313 1032 2366 recentior
1050 2314 1195 2371 desideret

50 2401 127 2452 Beer
140 2415 172 2468 p.
186 2405 226 2452 73.

53 2505 264 2513 ——.------

122 2555 164 2603 67.
200 2551 345 2607 Phaedrus
375 2550 506 2621 Append.
534 2557 577 2604 le:
615 2570 717 2623 equum
751 2570 766 2608 e
796 2554 935 2622 quadriga
968 2552 1065 2608 multis
1092 2553 1195 2623 palmis

44 2638 179 2692 nobilem
196 2637 306 2705 Abegit
324 2637 439 2706 qnidam
458 2642 486 2693 et
504 2640 535 2692 in
552 2640 703 2707 pistrinum
723 2638 860 2692 vendidit.

122 2728 230 2791 nepotes
248 2722 339 2778 soviel
358 2722 401 2777 als
418 2725 573 2791 posteritas
591 2741 616 2777 v.
631 2727 671 2775 62.

121 2810 165 2860 68.
202 2813 240 2871 te,
258 2825 311 2860 noo
330 2812 392 2861 toa.-
418 2809 502 2863 deine
526 2808 725 2877 persbnliehen
749 2809 938 2877 LeIstnngen.
965 2809 1046 2863 nieht
1073 2810 1124 2865 das
1148 2811 1193 2865 dir

47 2893 142 2948 durch
162 2893 209 2948 die
227 2892 336 2948 (ieburt
355 2892 544 2962 Zugefallene.

119 2977 231 3046 priorem
248 2977 354 3048 αῑίᾳιιίά
370 2980 412 3044 do,
431 2980 486 3034 wie
505 2982 592 3046 3,131
612 2980 669 3034 und
684 2982 723 3045 16,
737 2982 770 3031 29
789 2980 825 3034 da
843 2987 951 3035 testem.

121 3066 164 3115 69.
184 3066 224 3115 70.
261 3062 370 3119 Seueea
392 3065 495 3120 Beneff.
515 3064 557 3119 IV
576 3069 621 3131 30,
646 3069 656 3117 1
683 3067 714 3120 in
736 3065 871 3119 honorem
896 3065 1030 3124 aliorum,
1061 3067 1136 3120 siout
1163 3066 1193 3119 in

45 3149 185 3217 petendis
204 3149 358 3205 honoribus
371 3151 508 3219 quosdam
521 3153 700 3220 turpissimos
718 3149 855 3205 nobilitas
874 3150 1023 3204 industriis
1042 3150 1091 3204 sed
1110 3152 1193 3205 novis

46 3233 190 3303 praetulit
213 3250 270 3288 non
295 3236 357 3290 sine
380 3237 503 3290 ratione:
531 3252 613 3290 saera
637 3245 681 3291 est
703 3252 865 3304 magnarum
888 3237 1025 3291 virtutum
1049 3237 1192 3290 memoria.

48 3319 117 3388 Vgl.
137 3319 212 3374 auoh
230 3319 299 3374 ibid.
314 3323 365 3384 §t

122 3408 164 3456 73.
194 3409 294 3476 foma.
330 3406 445 3463 Ebenso
467 3409 505 3473 13,
520 3410 577 3460 236.

119 3508 212 3544 omas
236 3491 386 3545 oomoama's¹
428 3493 579 3548 Entweder
602 3494 675 3548 auoh
698 3493 758 3548 hier
784 3492 875 3548 soviel
902 3492 944 3547 als
973 3491 1192 3561 κοινονοημοσύνη

50 3580 93 3629 lau
115 3579 138 3641 7,
153 3577 212 3641 218)
231 3577 257 3632 d.
274 3576 301 3631 h.
320 3577 441 3633 humane
468 3578 727 3634 Rllolrsiohtnahme
752 3577 805 3633 auf
823 3580 927 3634 andere
952 3584 991 3643 (so
1014 3576 1135 3647 Bentley
1158 3595 1192 3631 au

50 3660 117 3715 Hor.
132 3660 217 3716 Sati
229 3664 253 3727 3,
266 3665 307 3727 ee)
327 3663 397 3719 oder
407 3664 549 3733 gesunder
561 3664 711 3730 Verstand,
729 3666 785 3719 wie
801 3664 849 3719 bei
861 3665 1004 3719 Phaedrus
1016 3665 1030 3717 Ι
1044 3667 1066 3727 7,
1085 3679 1129 3717 wo
1143 3663 1193 3717 der

49 3745 144 3800 Fuohs
172 3747 242 3801 liber
266 3748 314 3804 die
340 3749 585 3818 Gehirnlosigkeit
608 3750 657 3805 der
683 3750 846 3818 tragisehen
871 3750 967 3804 hiashe
994 3753 1110 3816 spottet:
1138 3748 1193 3801 hoo

50 3831 108 3886 illis
127 3832 237 3886 dietum
256 3840 306 3899 est,
325 3835 430 3904 quibus
446 3836 582 3890 honorem
601 3840 630 3890 et
651 3835 770 3904 gloriam
792 3836 918 3889 Fortuna
941 3835 1054 3897 tribuit,
1080 3848 1192 3887 sensum

50 3932 228 3972 communem
247 3918 374 3974 abstulit.

120 4004 232 4055 tr-te.
269 4003 374 4061 Tibull.
394 4005 435 4060 lv
451 4009 472 4072 1,
487 4008 519 4057 29
537 4007 602 4061 Non
620 4011 671 4060 tua
688 4007 825 4061 malorum
838 4011 1001 4060 contentast
1013 4003 1106 4071 gloria
1118 4002 1192 4057 fama

49 4089 108 4143 Nee
126 4089 244 4158 quaeris
262 4090 333 4159 quid
351 4106 463 4160 quaque
476 4091 562 4146 index
576 4092 628 4147 sub
640 4093 765 4160 Imagine
779 4092 864 4153 dieat,
883 4090 940 4144 Sed
951 4091 1064 4157 generis
1073 4089 1192 4157 priscos

48 4175 203 4230 contendis
221 4174 337 4231 sineere
349 4175 478 4242 bonores,
492 4177 581 4241 Quam
595 4177 649 4232 tibi
661 4178 782 4232 maiores
795 4177 885 4231 maius
899 4175 987 4229 decus
1000 4176 1062 4243 ipse
1079 4173 1191 4230 futuris.

118 4262 159 4312 78.
199 4259 301 4314 viduos.
338 4261 404 4317 Hor.
418 4261 447 4317 0.
462 4262 503 4317 IV
516 4264 539 4329 5,
553 4264 586 4313 30
605 4264 693 4318 vitem
705 4263 808 4318 viduas
822 4262 902 4316 duoit
915 4261 951 4314 ad
965 4260 1086 4316 arbores.
1107 4260 1147 4314 lb.
1162 4261 1191 4313 Il

49 4348 88 4410 15,
104 4349 119 4397 t
137 4346 333 4415 platanusque
353 4347 465 4403 caelebs
484 4348 606 4402 Evineet
623 4349 721 4404 ulmos.
1044 4375 1052 4386 ·
