2896 4944
443 377 528 432 Liber
546 378 670 447 quintus
707 376 810 434 Sutura
826 377 908 433 XIII.
1179 382 1241 443 543

125 558 168 614 30
194 549 223 614 ei
246 568 383 632 eoepere
405 549 482 633 pati,
507 548 641 614 missum
663 547 789 614 adsue
811 568 947 633 corpore
969 552 1114 617 morbum

192 660 313 726 infesto
336 660 471 726 eredunt
493 680 514 725 a
536 661 674 741 numine,
699 679 781 725 saxu
802 660 936 726 deorum

192 772 275 837 haee
298 779 330 837 et
351 773 418 837 tela
439 778 563 856 putant.
610 771 769 854 pecudem
792 771 953 855 spondere
975 773 1097 839 saeello

192 884 356 949 balantem
379 891 411 949 et
432 883 573 948 Laribus
594 883 725 949 oristem
747 884 935 966 promittere
957 884 1038 968 gelli

191 1016 257 1061 non
280 994 416 1073 audent3
440 993 519 1076 quid
542 995 629 1059 enirn
652 1013 784 1078 sperare
806 994 997 1060 nocentibus
1021 997 1128 1080 aegris

126 1114 165 1170 35
192 1105 406 1172 conoessum?
431 1107 484 1171 vel
508 1125 592 1188 quae
614 1127 680 1171 non
703 1105 831 1189 dignior
853 1104 961 1172 bestia
982 1106 1078 1173 vita?

192 1218 321 1285 mobilis
345 1224 378 1283 et
399 1219 493 1283 uaria
516 1223 566 1283 est
586 1217 689 1282 ferme
712 1223 830 1283 natura
851 1218 1025 1297 malorum;

191 1350 264 1396 eum
287 1331 396 1396 seelus
418 1328 601 1409 admittunt,
626 1335 777 1412 superest
799 1331 996 1395 oonstentia:
1021 1329 1108 1412 quod
1131 1330 1182 1397 fas

191 1451 291 1524 etque
313 1441 414 1521 nefas,
439 1439 572 1505 tandem
594 1440 754 1523 ineipinnt
776 1441 897 1506 sentire
920 1443 1061 1525 pereetis

191 1554 388 1620 criminibus.
434 1558 543 1617 tumen
566 1550 609 1617 ed
632 1570 739 1617 mores
759 1559 878 1618 natura
899 1553 1036 1618 reeurrit

125 1676 166 1730 40
192 1665 363 1731 damnatos
385 1665 451 1729 fixa
471 1671 504 1729 et
526 1663 645 1739 mutari
666 1663 784 1729 nescia.
831 1685 907 1729 nam
929 1666 1003 1747 quis

190 1776 348 1862 peooandi
371 1776 466 1841 finem
488 1776 599 1858 posuit
620 1774 709 1840 sibi?
734 1773 864 1857 qnando
886 1777 1010 1859 reoepit

192 1890 332 1954 eieotum
355 1886 457 1952 semel
479 1887 591 1951 attritu
613 1885 654 1951 de
677 1885 783 1952 fronte
805 1886 980 1952 ruborem?

190 2001 341 2083 quisnam
364 1998 529 2064 bominum
552 2004 603 2063 est
625 2017 720 2079 quem
743 2005 779 2064 tu
801 2004 987 2065 eontentum
1009 1997 1132 2065 videris
1154 2019 1218 2066 uno

190 2110 338 2195 flagitio?
364 2109 455 2175 debit
476 2111 511 2174 in
533 2110 684 2191 laqueum
706 2110 848 2193 vestigia
870 2116 980 2175 noster

125 2233 164 2289 45
190 2222 335 2307 perfidus
358 2230 391 2287 et
411 2221 496 2303 nigri
519 2221 662 2303 patietur
684 2220 825 2286 oareeris
848 2241 966 2286 oneum

190 2341 247 2400 aut
268 2333 368 2398 maris
389 2333 515 2417 Aegaei
538 2351 650 2416 rupem
674 2334 888 2416 seopulosque
911 2332 1096 2415 frequentes

190 2445 341 2513 exulibus
363 2445 499 2529 magnis.
545 2463 652 2527 poena
672 2443 831 2528 gaudebis
853 2464 966 2510 amara

125 2571 310 2583 ‘—

208 2628 266 2679 236.
303 2624 444 2678 damnabat
461 2625 542 2678 Jahn.

207 2715 265 2764 237.
302 2711 387 2780 quod]
405 2726 469 2765 oum
493 2708 625 2764 Weidner.

125 2811 309 2821 ρ.-

209 2852 287 2904 robs.
324 2849 420 2903 Horat
434 2848 505 2915 Epp.
519 2847 532 2901 I
548 2851 587 2913 10,
601 2848 634 2898 24
652 2852 781 2902 naturum
795 2847 920 2916 expellas
937 2846 1023 2915 fureo,
1042 2854 1136 2903 tomen
1147 2863 1238 2918 usque

125 2944 235 2992 tenrret.

125 3031 310 3045 -,..-..

141 3076 209 3135 170).
235 3072 291 3126 Die
308 3071 482 3139 Metonymie
500 3071 539 3125 ist
556 3070 616 3124 bier
634 3070 698 3124 eine
715 3069 861 3138 doppelte:
881 3070 932 3124 dos
948 3070 1049 3125 Fieber
1067 3071 1117 3126 des
1130 3070 1236 3126 Sehlof-

125 3176 183 3216 »sen
200 3157 259 3211 und
277 3156 328 3211 das
347 3154 583 3224 Sublaslosigkeit
601 3154 833 3210 vernrsaehende.

170 3246 229 3296 233.
266 3243 307 3297 uu
327 3244 420 3308 onos

169 3332 229 3383 237.
264 3335 385 3397 eupereet
402 3329 457 3383 wie
479 3331 533 3380 109.

170 3419 230 3469 242.
266 3415 360 3468 attrita
378 3415 409 3468 de
425 3418 523 3484 fronte
547 3413 794 3468 wiePetron.132
813 3411 965 3480 perfricata
983 3442 1017 3451 —
1033 3411 1135 3469 fronte.
1170 3413 1235 3482 Vgl.

125 3519 170 3560 ner
188 3501 266 3555 frons
285 3500 327 3556 als
346 3501 405 3556 Situ
423 3501 473 3555 des
490 3498 703 3568 Sohumgetilhls
721 3515 756 3554 nu
769 3501 792 3565 Β,
807 3500 864 3563 189,
884 3498 952 3554 dber
968 3500 1155 3569 Beseitigung
1173 3499 1235 3554 des·

125 3590 200 3645 dben
218 3587 306 3641 durch
324 3586 436 3641 Reiben
454 3602 488 3640 nu
500 3586 579 3640 Mart.
593 3585 635 3639 XI
648 3588 688 3650 27,
703 3587 717 3634 7
737 3583 796 3639 und
808 3582 874 3638 Otto
888 3584 947 3652 Spr.
962 3583 1049 3640 facies
1064 3588 1094 3649 1).
1119 3585 1234 3640 HIeron.

125 3693 172 3746 pp.
189 3676 219 3725 18
233 3697 264 3717 =
278 3674 310 3723 22
330 3671 407 3735 (lvo
426 3689 452 3741 p.
467 3675 509 3735 41)
534 3687 606 3740 quoe
631 3671 734 3726 rubore
756 3669 857 3725 frontis
876 3671 994 3726 abstrito
1013 3672 1155 3739 parasitos
1171 3671 1234 3724 vIn·

125 3767 170 3818 rnt
189 3760 343 3813 mimorum.

170 3848 229 3897 245.
266 3843 380 3897 carceris
397 3862 500 3897 oneum.
537 3843 576 3897 Zu
597 3845 636 3909 10,
649 3845 682 3894 oo
701 3843 759 3898 und
780 3844 802 3905 1,
817 3845 857 3894 73.

169 3932 314 3984 nro-nrt.
349 3931 520 3998 scopulosque
540 3933 700 4000 frequentes
726 3927 860 3981 Exulrbue
884 3927 998 3997 magne,
1026 3927 1072 3982 die
1096 3926 1148 3981 mit
1170 3942 1234 3981 vor-

125 4019 220 4076 obmen
238 4015 421 4071 Verbunnten
438 4014 623 4070 bevblkerten
640 4013 868 4082 Felsenklippen.
905 4014 945 4068 Zo
965 4016 986 4078 1,
1001 4015 1040 4063 73.

169 4103 316 4156 nrt-249.
353 4102 407 4155 Die
432 4101 462 4154 in
485 4099 624 4156 Auooiobt
645 4100 776 4169 gestellte
799 4098 908 4153 Frende
934 4116 970 4153 on
992 4099 1042 4154 der
1064 4096 1234 4168 Bostrefung

125 4207 150 4248 eo
166 4187 358 4244 Verbrechers
382 4194 483 4255 {poena
504 4186 630 4255 paudite
647 4215 681 4223 -
703 4185 828 4240 fatebere
853 4186 944 4248 loetum)
970 4185 1045 4240 steht
1068 4187 1105 4239 im
1123 4185 1234 4240 Wider-

125 4274 204 4333 rrueh
229 4290 263 4328 zo
288 4273 350 4327 dem
368 4271 445 4337 Satn,
471 4273 536 4327 dass
558 4287 611 4325 nur
634 4271 731 4327 kleine
756 4271 815 4325 und
837 4271 983 4326 schwaebe
1001 4270 1112 4327 Geister
1130 4287 1166 4326 un
1184 4271 1234 4326 der

126 4362 199 4418 sobe
216 4358 327 4414 Frende
345 4357 445 4425 huben,
463 4357 617 4413 besonders
635 4358 746 4414 bbouen
766 4358 908 4410 rer-192.
941 4356 1005 4426 Vgl.
1023 4358 1096 4413 Einl.
1116 4357 1143 4414 s.
1157 4359 1198 4409 51.

979 4460 1027 4513 12*
