2888 4936
149 375 212 439 600
556 368 703 425 quenalis
720 375 879 425 saturarum

234 542 310 606 vivo
332 549 426 625 patre
448 539 553 606 datur.
598 561 673 606 nam
697 561 781 624 quae
803 548 879 606 sunt
899 547 996 625 parta
1015 541 1131 606 labore

235 653 380 735 militiae,
404 652 529 737 placuit
551 673 616 718 non
639 671 713 718 esse
734 652 769 718 in
791 671 927 736 corpore
950 670 1077 734 census,

235 784 329 830 omne
350 771 439 829 tenet
462 764 553 829 cuius
577 766 724 847 regimen
745 771 849 848 pater.
896 783 974 848 ergo
997 764 1158 829 Coranum

172 884 210 939 55
234 876 402 959 signorum
423 876 572 941 comitem
595 882 837 957 castrorumque
859 895 937 942 aera
957 882 1138 941 merentem

235 988 384 1068 quamvis
405 988 472 1052 iam
493 987 651 1052 tremulus
673 993 783 1071 captat
804 994 913 1072 pater;
936 986 1023 1052 hunc
1044 987 1138 1053 favor
1159 1005 1278 1068 aequus

234 1097 384 1184 provehit
406 1104 439 1163 et
460 1097 595 1183 pulchro
619 1097 727 1164 reddit
749 1115 808 1164 sua
830 1097 918 1164 dona
939 1099 1053 1164 labori.

235 1210 339 1294 ipsius
363 1216 449 1274 certe
471 1208 562 1274 ducis
584 1209 646 1274 hoc
668 1209 790 1276 referre
814 1210 942 1276 videtur

247 1366 355 1373 -.—-...

255 1450 295 1500 56.
331 1454 429 1518 captat
446 1463 527 1504 socer
545 1448 687 1502 Heinrich.

254 1531 335 1588 favor
354 1533 476 1603 Ruperti
491 1534 573 1589 labor
591 1535 646 1588 Pe.

257 1741 297 1790 55.
334 1739 414 1795 Ouid.
428 1739 490 1795 Am.
505 1740 517 1793 I
531 1741 555 1806 9,
567 1743 600 1793 44
620 1741 706 1796 iussit
723 1747 753 1795 et
770 1741 801 1795 in
819 1742 920 1796 castris
938 1754 1003 1796 aere
1020 1756 1126 1797 merere
1144 1742 1211 1797 suis.

152 1944 245 2000 facere
272 1950 478 2001 testamentum.
519 1946 621 2002 Statim
650 1947 725 2001 enim
753 1947 776 2002 ii
799 1947 848 2015 qui
871 1947 965 2002 alieno
988 1948 1044 2002 luri
1066 1947 1191 2004 subiecti
1211 1955 1274 2012 suut

152 2032 314 2086 testamenti
332 2030 456 2086 faciendi
475 2033 520 2088 ius
538 2048 595 2086 non
613 2033 727 2099 habent,
745 2031 817 2087 adeo
836 2033 951 2101 quidem
968 2040 1001 2087 ut
1013 2035 1143 2102 quamvis
1155 2040 1276 2103 parentes

153 2117 196 2172 eis
219 2117 411 2186 permiserint,
433 2117 523 2173 nihilo
547 2118 638 2187 magis
661 2119 722 2173 iure
746 2119 845 2172 testari
863 2119 986 2185 possint:
1012 2120 1143 2187 exceptis
1160 2120 1197 2174 iis
1214 2133 1277 2188 quos

152 2207 238 2258 antea
255 2203 487 2270 enumeravimus,
506 2208 536 2258 et
553 2204 707 2272 praecipue
725 2203 865 2259 militibus
878 2204 928 2273 qui
940 2205 970 2258 in
982 2209 1127 2272 potestate
1139 2211 1279 2274 parentum

153 2294 231 2356 sunt,
257 2288 418 2358 quibusda
442 2304 477 2343 eo
501 2290 578 2357 quod
602 2290 632 2344 in
655 2290 756 2345 castus
775 2290 981 2358 acquisierunt,
1005 2290 1173 2358 permissum
1190 2296 1233 2345 est
1248 2305 1280 2345 ex

152 2374 408 2430 constitutionibus
425 2375 586 2443 principum
604 2381 803 2432 testamentum
822 2373 923 2431 facere.
940 2405 976 2414 -
993 2376 1036 2431 Ex
1053 2375 1109 2429 hoc
1127 2374 1281 2444 intelligere

152 2476 314 2529 possumus,
336 2460 413 2528 quod
435 2460 465 2513 iu
491 2461 593 2515 castris
617 2461 784 2529 acquisierit
802 2461 894 2526 miles,
918 2462 967 2530 qui
986 2461 1016 2515 in
1034 2466 1179 2528 potestate
1196 2461 1282 2529 patris

153 2554 208 2610 est,
231 2560 323 2615 neque
345 2547 438 2613 ipsum
462 2552 570 2612 patrem
594 2546 717 2601 adimere
740 2562 835 2616 posse,
858 2562 951 2615 neque
974 2546 1064 2614 patris
1083 2546 1239 2602 creditores
1256 2546 1285 2600 id

153 2633 276 2688 vendere
299 2630 344 2685 vel
361 2630 445 2685 aliter
463 2630 622 2699 inquietare
640 2647 731 2700 neque
749 2639 829 2700 patre
848 2637 960 2686 mortuo
979 2630 1196 2688 cumfratribus
1214 2648 1285 2686 conr·

153 2732 236 2771 mune
259 2730 332 2780 esse,
359 2716 410 2770 sed
428 2716 540 2770 scilicet
557 2718 702 2785 proprium
720 2718 782 2773 eius
800 2733 860 2772 esse
880 2717 909 2771 id
927 2717 1005 2786 quod
1023 2718 1053 2771 in
1071 2718 1174 2772 caenis
1192 2719 1286 2787 acqui·

154 2803 242 2859 sierit.
262 2816 429 2870 quamquam
444 2801 505 2855 iure
518 2803 597 2857 cirili
618 2804 748 2867 omnium,
769 2804 817 2871 qui
835 2805 866 2857 in
883 2808 1027 2872 potestate
1045 2812 1196 2870 parentum
1214 2809 1284 2865 sunt,

153 2888 267 2956 peculia
285 2887 403 2955 perinde
422 2887 452 2940 in
464 2887 548 2942 bonis
560 2896 707 2956 parentum
720 2894 920 2958 computantur
933 2889 1003 2944 acsi
1016 2903 1163 2943 serrorum
1174 2889 1287 2957 peculia

154 2973 184 3026 in
202 2973 285 3027 bonis
304 2972 479 3027 dominorum
496 2982 685 3028 numerantur.

223 3061 333 3111 51-56.
368 3058 460 3113 Ueber
483 3058 529 3113 dio
548 3060 671 3128 :tmalige
691 3060 912 3128 Wiederholung
933 3077 991 3115 ron
1008 3065 1090 3128 pater
1108 3060 1140 3113 in
1158 3061 1175 3109 6
1192 3059 1286 3115 Zeilen

154 3161 175 3199 s.
194 3145 267 3199 Einl.
287 3144 314 3200 S.
328 3147 369 3209 56,
383 3148 405 3195 8.

223 3233 263 3281 53.
300 3230 328 3282 in
346 3247 455 3298 corpore
472 3248 569 3283 cemus.
600 3230 684 3299 Digg.
699 3230 741 3285 IV
753 3233 776 3297 2,
790 3233 822 3283 20
841 3247 945 3301 corpus
963 3232 1136 3298 patrimonii.
1164 3230 1284 3285 Dirksen

154 3314 291 3379 Manuale,
311 3313 420 3384 Corpus
432 3320 447 3380 ἓ
460 3315 515 3371 cA.

224 3403 265 3451 54.
304 3401 444 3455 Coronam.
480 3403 535 3457 Die
552 3402 848 3472 Ucbereinstimmung
871 3404 921 3457 des
938 3403 1061 3458 Namens
1083 3404 1135 3457 mit
1158 3403 1222 3458 dem
1239 3403 1286 3456 des

154 3484 237 3540 fortis
255 3484 381 3541 Coranus
399 3487 496 3542 Horat.
511 3488 537 3543 S.
551 3489 579 3542 ΙΙ
593 3492 617 3551 5,
631 3491 677 3555 55,
703 3490 752 3543 der
774 3490 872 3544 seinen
894 3489 1025 3557 geiuigen
1045 3487 1285 3558 Schwiegervater

154 3572 260 3626 Nasica
278 3572 365 3626 durch
383 3574 444 3628 sein
461 3573 626 3629 Testament
644 3575 816 3641 enttituscht,
842 3576 880 3629 ist
897 3575 960 3629 eine
977 3576 1040 3629 rein
1058 3574 1206 3644 aufallige,
1231 3572 1286 3628 und
1322 3613 1324 3617 .

156 3657 205 3712 der
226 3657 286 3711 hier
308 3659 450 3714 erwtihnte
473 3660 534 3713 Fall
556 3659 605 3714 der
623 3658 864 3715 Erbsehleicherei
887 3659 966 3714 eines
984 3659 1088 3714 Vaters
1110 3660 1159 3714 bei
1184 3660 1324 3714 seinana

156 3745 193 3797 im
206 3743 308 3799 Dienst
325 3745 372 3799 bei
391 3745 441 3798 der
454 3744 547 3799 Garde
565 3746 737 3813 vermttgend
755 3746 943 3814 gewordenen
956 3744 1032 3800 Sohn
1052 3745 1130 3801 hatte
1143 3744 1324 3801 sichomo·

157 3827 270 3882 Zweiiel
288 3830 318 3883 in
335 3830 474 3885 Juvenals
493 3831 555 3883 Zeit
572 3838 752 3899 zugetragon.

225 3917 265 3966 56.
295 3919 390 3985 fossor,
410 3916 463 3970 wie
482 3916 579 3969 llorat.
593 3915 620 3970 S.
634 3916 662 3970 ll
679 3919 701 3982 1,
714 3918 730 3965 t
747 3932 804 3969 non
816 3916 988 3984 respondere
1000 3916 1127 3972 favorem
1140 3916 1324 3984 Speratum

157 4000 271 4055 meritis.

225 4088 265 4136 5ῖ.
300 4087 430 4154 provehit.
465 4085 531 4140 Tac.
550 4086 583 4140 H.
602 4088 676 4141 1175
702 4102 717 4142 e
739 4089 871 4157 gregario
895 4088 932 4142 ad
953 4104 1061 4144 summa
1083 4087 1201 4144 militiae
1222 4100 1278 4153 pro·
1310 4104 1324 4123 ⁴

155 4178 276 4225 vectum.
313 4172 401 4225 11144
421 4172 525 4227 milites
544 4189 561 4226 a
579 4171 697 4228 Vitellio
715 4175 852 4242 provecti.

226 4256 312 4310 labori
327 4257 401 4311 nach
417 4256 514 4313 labore
528 4260 573 4309 52:
592 4259 665 4313 Einl.
685 4258 711 4314 S.
726 4262 766 4325 56,
781 4262 803 4311 8.

226 4344 267 4396 58.
303 4343 377 4396 ducta
395 4343 445 4398 dea
462 4343 588 4410 Kaisers,
607 4345 661 4400 wie
679 4347 778 4412 4‚145;
799 4348 822 4413 7,
835 4347 876 4398 21.
