2888 4936
455 391 540 448 Liber
557 397 681 461 quartus.
718 391 821 447 Satura
839 392 873 446 X.

123 571 155 626 30
181 565 216 628 in
238 582 348 627 eorum
371 569 471 644 atque
493 582 606 627 eurum
629 563 744 629 solitus
765 565 894 629 saevire
917 564 1057 648 flagellis

180 673 339 739 barbarus
360 673 476 739 Aeolio
499 693 674 755 numquam
696 675 759 740 hoo
780 676 814 739 in
838 694 968 740 earcere
990 692 1114 758 passos,

180 787 288 868 ipsum
312 784 511 868 conpedibus
534 787 591 867 qui
613 787 765 852 vinxerat
786 787 1027 869 Ennosigaeum
1050 824 1094 833 -

180 898 292 961 mitius
315 896 350 962 id
372 916 462 978 sane,
487 896 573 979 quod
596 917 660 962 non
683 906 715 963 et
738 899 889 980 stigmate
913 897 1048 981 dignum

181 1007 336 1086 eredidit3
360 1007 435 1072 huie
457 1008 628 1090 quisquam
651 1008 751 1075 vellet
773 1009 897 1075 servire
920 1008 1080 1074 deorum?

123 1127 155 1183 35
180 1119 240 1184 sed
263 1119 369 1202 qualis
391 1119 510 1185 rediit?
536 1139 653 1203 nempe
676 1139 742 1185 una
763 1140 857 1202 nave,
885 1121 1027 1185 eruentis

181 1231 333 1295 fluetibus
355 1250 394 1295 ae
416 1230 511 1295 tarda
537 1250 596 1314 per
619 1229 721 1297 densa
743 1230 907 1297 cadavera
928 1251 1034 1316 prora.

180 1341 242 1406 has
264 1340 383 1406 totiens
406 1348 518 1425 optata
541 1344 652 1425 exegit
673 1342 779 1425 gloria
801 1361 932 1427 poenas.

223 1447 278 1517 ‘da
301 1453 441 1536 spatium
464 1455 562 1535 uitae,
586 1455 703 1519 multos
726 1452 778 1535 da,
802 1455 957 1537 Iuppiter,
982 1447 1093 1519 annos’

181 1565 242 1629 hoe
264 1571 352 1630 reete
375 1566 476 1646 vultu,
500 1565 604 1629 solum
628 1565 688 1630 hoo
710 1570 743 1629 et
765 1564 909 1648 pallidus
931 1572 1033 1649 optas.

123 1684 157 1738 10
182 1674 241 1740 sed
265 1695 361 1756 quam
385 1676 547 1740 continuis
570 1683 603 1740 ot
626 1677 756 1757 quantis
778 1676 878 1760 longa
900 1684 1049 1742 senectus

180 1786 280 1869 plena
301 1787 406 1851 malis.
451 1786 629 1852 deformem
654 1793 687 1852 et
712 1793 850 1852 taetrum
878 1794 955 1852 ante
977 1789 1086 1853 omnia
1108 1787 1231 1854 vultum

180 1897 436 1979 dissimilemque
460 1898 521 1981 sui,
545 1897 722 1964 deformem
745 1918 802 1981 pro
825 1905 899 1964 oute
922 1899 1041 1982 pellem

179 2007 419 2092 pendentisque
442 2027 546 2092 genas
569 2016 603 2074 et
624 2008 701 2074 talis
724 2011 835 2092 aspice
856 2029 956 2094 rugas

179 2123 304 2202 quales,
329 2119 524 2185 umbriferos
547 2121 601 2186 ubi
624 2119 740 2204 pandit
762 2120 934 2186 Thabraca
957 2121 1071 2202 saltus,

199 2344 256 2394 183.
293 2342 378 2410 quod]
404 2341 494 2412 quid?
522 2344 570 2395 184
594 2342 735 2398 eredidit?
766 2343 935 2396 WEWedar.
978 2342 1101 2398 eredidit
1123 2344 1151 2396 P
1172 2358 1232 2398 ore-

123 2434 170 2483 ret
189 2433 240 2480 aut
258 2427 381 2482 ereditet
394 2445 417 2496 p
436 2428 565 2483 erederet
582 2449 611 2480 ω.

201 2514 257 2564 189.
295 2513 353 2568 alto
372 2518 433 2566 onte
451 2519 530 2569 reete
548 2532 653 2566 masam
672 2515 699 2567 P
714 2513 801 2577 (Beer
813 2531 844 2582 p.
858 2517 913 2577 tt).

202 2721 257 2771 191.
295 2718 442 2774 Claudiam
457 2720 491 2773 In
503 2720 621 2788 Eutrop.
635 2719 648 2772 Ι
664 2722 712 2771 110
735 2720 847 2787 iamque
865 2735 937 2773 aevo
954 2719 1051 2774 laxata
1069 2719 1152 2786 eutis,
1176 2718 1233 2773 sul·

123 2818 196 2873 sque
214 2819 351 2873 genarum
369 2804 520 2861 Corrnerat
538 2822 622 2873 passa
640 2804 729 2859 faoies
748 2804 879 2873 rugosior
898 2821 960 2859 uva.

201 2892 258 2942 181.
295 2889 408 2945 Consol.
422 2892 459 2945 ad
471 2892 531 2946 Liv.
546 2894 577 2942 85
596 2890 721 2945 vidimus
739 2890 892 2945 attonitum
907 2890 1032 2945 fraterna
1044 2894 1133 2945 morte
1144 2890 1232 2945 Nero·

123 2993 156 3031 un
174 3005 210 3014 —
229 2978 260 3027 87
280 2976 505 3046 dissimilemque
524 2978 577 3031 sui.

166 3167 224 3217 180.
262 3164 291 3218 io
309 3182 400 3217 corum
417 3169 496 3233 atque
518 3181 618 3217 eurum.
659 3164 739 3221 Naoh
763 3165 890 3219 Herodot
913 3163 978 3228 (Vll
997 3165 1038 3226 35)
1061 3177 1154 3232 gagen
1178 3163 1234 3217 den
1305 3208 1310 3219 .

123 3267 151 3306 ιιι
170 3251 267 3307 sturm
285 3249 469 3319 aufgeregten
488 3249 665 3319 Hellespont.

165 3338 222 3388 181.
259 3335 407 3389 Aeolio-
426 3336 454 3388 in
473 3354 585 3389 earcere.
622 3337 662 3390 ΖΠ
681 3339 704 3401 5,
720 3337 776 3388 101.

164 3423 222 3473 rar.
244 3422 301 3472 111.
338 3421 606 3487 Herodot.v1135;
627 3425 667 3487 11,
681 3422 711 3487 1;
730 3420 802 3474 1111
817 3421 910 3486 1111.

160 3505 256 3559 anitius
273 3505 304 3558 id
319 3525 389 3560 rone.
425 3507 518 3563 Ueber
536 3509 583 3563 die
599 3508 653 3563 mit
671 3507 734 3562 dem
748 3521 826 3574 pron.
840 3506 910 3561 dem.
924 3504 1119 3574 angelrnlipite
1131 3505 1233 3560 Paren-

123 3593 327 3657 11111191.

165 3679 222 3729 181.
259 3676 356 3729 totiena
373 3677 475 3744 gehdrt
492 3695 527 3732 uu
545 3680 649 3748 exegit,
668 3677 748 3734 nieht
765 3682 925 3745 uuoptata.

166 3764 222 3814 189.
259 3766 329 3815 recto
348 3764 430 3828 vultu,
448 3763 503 3818 wie
521 3762 784 3828 11111111116,401
799 3763 851 3817 mit
864 3763 952 3818 voller
965 3762 1055 3816 Ruhe.
1069 3792 1103 3799 -
1110 3760 1234 3830 pallidus

123 3854 196 3917 negt.
240 3847 374 3902 Bllimuer
400 3848 569 3903 Farbenben.
592 3849 618 3903 S.
642 3852 682 3914 81,
705 3851 720 3900 2
746 3847 852 3902 erkl'rtrt
878 3847 932 3901 wol
958 3847 1065 3916 richtig
1091 3862 1178 3901 sanus
1205 3852 1234 3900 11

123 3939 237 4003 rgrotua.
268 3933 324 3988 Die
336 3933 485 4002 Erregung
501 3933 565 3988 tritt
582 3950 627 3988 am
645 3935 762 3989 ehesten
780 3935 835 4001 ein,
853 3949 935 3987 wenn
954 3933 1001 3987 die
1014 3931 1166 4001 Erfflllung
1184 3932 1234 3987 des

124 4018 204 4074 ebets
223 4019 313 4074 durch
330 4019 490 4074 Kranlrheit
507 4020 537 4073 in
554 4021 645 4089 Frage
663 4019 779 4088 gestellt
799 4020 949 4074 erseheint.

167 4107 223 4156 194.
265 4106 411 4172 mamaea,
431 4105 516 4161 Stadt
533 4121 569 4160 an
587 4107 638 4162 der
655 4107 746 4161 Kllste
758 4105 933 4170 Numidiens,
952 4105 1025 4159 nahe
1043 4121 1080 4158 an
1094 4104 1234 4157 (11111111-

123 4206 175 4259 ung
192 4190 243 4246 des
260 4191 375 4247 Flusses
392 4191 493 4247 Tusca.

166 4274 261 4332 Allem
284 4276 429 4332 Ansehein
452 4277 526 4333 nach
550 4276 656 4332 konnte
681 4275 804 4332 Juvenal
831 4276 878 4331 die
902 4277 1046 4344 dortigen‚
1070 4292 1128 4331 von
1149 4274 1234 4331 Alfen

123 4362 282 4419 evltllrerten
300 4362 414 4418 Wiilder
432 4379 484 4418 aus
503 4365 619 4432 elgener
637 4362 837 4430 Ansehauung.
873 4361 947 4417 Einl.
966 4362 992 4418 S.
1011 4365 1052 4414 17.
