2888 4936
298 1233 501 1316 quenalis
529 1235 756 1317 saturarum

393 1415 490 1478 Liber
513 1420 657 1495 quartus.

422 1601 565 1668 Satura
586 1602 627 1666 X.

126 1738 284 1806 egenstand
302 1737 351 1793 der
370 1736 470 1805 Satira,
490 1739 537 1793 die
553 1737 690 1793 Tberheit
707 1738 765 1794 und
777 1738 1025 1796 Verdsrblichlreit
1042 1740 1093 1796 der

123 1840 132 1876 1
158 1839 193 1876 an
218 1823 265 1878 die
284 1824 383 1880 Giltter
401 1824 578 1893 gerichteten
596 1822 704 1881 Gebete
722 1824 781 1879 und
798 1823 949 1892 Wilnsche‚
968 1841 1026 1879 war
1044 1827 1091 1881 ein

123 1907 460 1978 pnlarphilosophischen
485 1909 544 1964 und
570 1909 764 1966 rhetorischen
787 1909 943 1965 Litteratnr
967 1910 1093 1966 offenbar

123 1992 232 2059 idelter;
257 2009 289 2048 so
314 1993 344 2047 in
369 1995 432 2049 dem
456 1991 764 2063 pseudoplatonischen
789 1995 909 2050 zwelten
926 1994 1093 2052 Alcibiades

126 2079 276 2134 ruweiten
294 2077 387 2134 Satira
406 2080 456 2134 des
473 2079 595 2135 Persius.
631 2079 713 2133 Doch
731 2079 808 2148 aeigt
825 2079 885 2134 sich
902 2080 950 2136 bel
968 2081 1093 2138 Juvenal

142 2165 263 2220 director
286 2165 453 2235 Benutzung
477 2164 576 2220 beider
598 2164 704 2220 Stiickc
729 2164 850 2234 nitgend
874 2167 917 2229 (nn
935 2165 969 2220 V.
983 2169 1007 2229 3)
1033 2167 1092 2222 und

123 2249 171 2304 len
184 2249 361 2305 nahlreichen
374 2249 488 2317 stenen,
508 2251 538 2304 in
551 2249 643 2304 denen
656 2249 765 2306 Seneca
777 2249 839 2305 dies
850 2249 956 2305 Tbema
967 2249 1091 2318 berilhrt‚

123 2334 145 2389 sl
167 2334 333 2391 schwerlich
355 2336 420 2390 eine
437 2351 489 2390 ver
506 2334 610 2404 Augen
629 2335 697 2390 oder
716 2335 754 2389 im
772 2333 961 2392 Geditchtnlss
978 2338 1091 2406 gehabt-

134 2422 185 2486 2,3
205 2420 343 2489 quicquid
364 2421 471 2490 optavi,
491 2420 669 2475 inimicorum
682 2422 905 2476 exsecrationem
916 2426 995 2491 puto.
1020 2423 1092 2491 Epp.

136 2506 178 2561 sic
191 2506 333 2575 quomedo
347 2507 404 2570 (dii)
418 2507 481 2561 istis
493 2507 613 2574 propitii
626 2511 699 2573 sunt,
718 2506 821 2574 quibus
832 2507 908 2562 bono
921 2522 955 2561 ac
966 2506 1093 2576 benigno

123 2608 129 2644 ι
147 2591 297 2660 magnifica
315 2591 482 2655 tribuerunt,
501 2592 538 2645 ad
556 2591 610 2644 hcc
623 2606 710 2645 unum
722 2592 850 2646 excusati
863 2591 938 2661 quod
950 2593 1007 2647 ista
1019 2608 1092 2661 qnae

123 2692 140 2731 e
159 2678 331 2742 excruciant,
351 2677 516 2745 optantibus
535 2676 603 2730 slata
620 2681 693 2732 sunt.
729 2679 799 2743 31,2
818 2677 933 2733 surdum
950 2684 979 2733 te
998 2694 1094 2733 aman·

125 2763 149 2818 is
167 2769 291 2831 praesta:
312 2761 388 2816 bono
407 2762 500 2816 animo
519 2760 593 2815 mala
610 2766 768 2830 precantur.
788 2770 818 2818 el
835 2763 860 2818 si
879 2778 940 2818 esse
957 2763 1002 2818 vis
1015 2761 1091 2828 felix,

123 2848 217 2916 tequid
235 2847 289 2901 tibi
308 2862 342 2902 ex
355 2847 484 2916 hisquae
497 2851 639 2915 optantur,
658 2848 780 2903 eveniat.
810 2850 851 2912 32,
864 2851 892 2913 43
907 2850 947 2915 60,
963 2851 973 2898 l
995 2848 1093 2903 etism·

123 2949 137 2988 s
161 2934 238 3001 quod
261 2933 315 2987 tibi
334 2933 447 3001 optavit
464 2932 560 2986 nutrix
578 2938 628 2987 tna
647 2938 696 2987 aut
714 2932 899 3002 paedagogus
917 2937 967 2987 aut
984 2933 1091 2988 mater?

123 3017 249 3086 stellegis
273 3023 409 3086 quantum
433 3016 500 3071 mali
520 3018 700 3086 optaverint?
737 3034 755 3071 o
773 3033 857 3085 quam
875 3018 991 3071 inimica
1008 3018 1093 3073 nobis

127 3103 300 3160 nostrorum!
328 3119 362 3158 eo
381 3104 495 3171 quidem
515 3103 674 3158 inimiciora
693 3117 749 3171 quc
768 3116 878 3156 cessere
897 3100 1017 3156 felicius.
1037 3103 1093 3156 iam

123 3205 159 3244 ¹or
182 3189 206 3243 si
232 3189 327 3243 omnia
350 3204 403 3244 nos
425 3206 442 3242 a
464 3190 555 3256 prima
578 3187 703 3256 pueritia
727 3185 801 3241 mala
822 3193 989 3254 sequuntur:
1019 3188 1094 3243 inter

123 3289 167 3328 nes
190 3278 338 3342 parentum
364 3275 511 3329 crevimus.
548 3276 589 3339 95,
602 3275 635 3324 50
659 3272 716 3338 (dii)
736 3271 891 3340 aliqnando
909 3273 1006 3341 specie
1024 3273 1093 3327 boni

123 3458 162 3498 en
179 3445 228 3499 hat
246 3444 370 3500 Juvenal
388 3443 535 3499 vielleicht
552 3442 645 3499 Valer.
664 3443 736 3498 Max.
749 3442 835 3497 vlit
853 3443 943 3497 Exti
964 3443 1092 3499 benutzt:

123 3557 139 3567 -
156 3529 198 3582 nil
216 3530 291 3584 ultra
307 3528 462 3598 petendum
481 3545 498 3583 a
516 3529 560 3583 dis
579 3527 784 3584 immortalibus
802 3528 992 3584 arbitrabatur
1010 3544 1093 3597 quam

123 3614 264 3680 ibnerent,
284 3615 352 3683 quia
370 3615 393 3669 ii
412 3615 523 3669 demum
540 3613 647 3668 scirent
665 3613 735 3682 qnid
753 3613 908 3681 unicuique
927 3618 1003 3669 esset
1014 3613 1093 3679 utile,

123 3717 130 3753 ι
156 3698 321 3769 plerumque
348 3700 378 3754 id
404 3700 481 3754 votis
508 3705 716 3766 expeteremus,
744 3700 820 3767 quod
846 3714 903 3752 non
928 3698 1094 3767 impetrasse

123 3789 155 3838 et.
174 3815 207 3823 -
221 3813 253 3823 -
273 3785 373 3841 desine
391 3785 479 3853 igitur
498 3783 666 3849 (mortalium
685 3788 771 3847 mens)
790 3783 878 3838 stulta
891 3782 994 3838 futuris
1007 3782 1094 3837 malo·

123 3886 153 3923 >m
179 3870 273 3926 causis
298 3900 332 3909 -
357 3870 438 3939 quasi
458 3868 630 3942 feliciesImis
653 3869 739 3924 rebus
764 3868 872 3922 inhiare
897 3873 926 3923 et
951 3875 979 3923 te
1003 3875 1094 3923 totum

145 3955 263 4010 arbitrio
283 3956 426 4025 permitte,
451 3955 519 4022 quia
538 3955 586 4023 qni
606 3953 730 4009 tribuere
748 3953 824 4008 bona
842 3967 878 4008 ex
895 3952 974 4007 facili
993 3954 1093 4021 solent,

123 4055 167 4095 ere
185 4041 332 4109 aptissime
350 4045 471 4109 possunt
489 4041 600 4104 (346ss.)
618 4036 675 4107 vgl.
695 4055 729 4093 zu
748 4037 781 4092 V.
795 4040 809 4088 3
823 4054 850 4092 u.
864 4041 887 4089 7.

123 4141 155 4179 un
171 4125 293 4181 Juvenal
312 4124 354 4182 als
365 4125 508 4194 Beispiele
527 4122 686 4193 gewihlten
698 4124 840 4178 Personen
858 4122 994 4192 gehbrten
1013 4125 1095 4188 (etwa

123 4211 188 4266 ¹hme
207 4213 256 4266 des
275 4210 371 4277 Silius)
396 4228 431 4266 zu
456 4212 510 4265 (len
528 4211 559 4264 in
577 4208 812 4264 Declamationen
830 4207 889 4263 und
906 4207 1095 4264 moralischen

123 4312 185 4365 igen
209 4296 292 4366 jeder
316 4295 370 4351 Art
397 4312 441 4350 am
462 4295 620 4365 hiufigsten
645 4293 837 4364 angetllhrten.
880 4291 918 4348 So
942 4299 1030 4351 neunt
1052 4293 1095 4349 als
