2888 4936
460 397 544 454 leer
562 403 687 467 quartus.
723 397 826 454 Satura
843 398 878 452 X.

184 578 340 651 coeperat
362 569 503 635 audaces
526 569 620 634 Paris
642 566 818 634 aedificare
841 570 977 635 carInas.

125 687 161 743 65
187 679 290 763 longa
312 679 383 745 dies
405 682 505 764 igitur
527 678 606 762 quid
629 679 787 745 contulit?
812 681 920 745 omnia
942 681 1026 748 vidit

185 810 303 858 eversa
327 797 359 857 et
380 790 519 856 flammis
542 791 654 855 Asiam
677 790 828 873 ferroque
851 790 1031 859 cadentem.

185 907 263 967 tunc
286 903 380 967 miles
403 900 558 967 tremulus
580 903 688 986 posita
709 902 783 968 tulit
805 922 897 967 arma
919 903 1004 970 tiara

186 1020 219 1078 et
242 1014 307 1078 ruit
330 1019 406 1078 ante
428 1033 518 1078 aram
542 1013 658 1077 summi
680 1013 769 1078 Iovis
792 1019 829 1079 ut
850 1014 980 1079 vetulus
1002 1016 1070 1096 bos,

185 1124 242 1205 qui
266 1124 389 1188 domiui
411 1124 525 1189 cultris
546 1131 644 1189 tenue
668 1130 700 1189 et
722 1124 908 1190 miserabile
930 1125 1048 1191 collum

123 1243 163 1296 ,66
185 1235 323 1318 praebet
344 1235 386 1299 ab
409 1236 536 1319 ingrato
559 1235 624 1298 iam
647 1233 812 1300 fastiditus
835 1243 952 1301 aratro.

186 1346 292 1411 exitus
315 1346 372 1410 ille
394 1352 568 1426 utcumque
592 1345 739 1426 hominis,
764 1346 824 1411 sed
844 1353 939 1414 torva
961 1349 1077 1412 canino

184 1457 319 1523 latravit
340 1458 423 1522 rIctu
446 1475 531 1538 qnae
553 1461 627 1539 post
648 1455 735 1520 huno
756 1457 886 1523 viruerat
907 1478 997 1523 uxor.

186 1568 305 1633 festino
329 1565 371 1631 ad
394 1575 520 1633 nostros
543 1573 577 1631 et
597 1585 708 1649 regem
730 1574 862 1633 transeo
884 1569 980 1633 Ponti

187 1686 219 1744 66
242 1679 408 1759 Croesum,
432 1695 527 1758 quem
550 1696 615 1741 vox
636 1678 714 1743 iusti
735 1677 878 1744 facunda
901 1677 1030 1744 Solonis

123 1797 163 1852 675
186 1791 348 1873 respicere
370 1788 414 1853 ad
435 1789 553 1871 longae
575 1788 670 1853 iussit
691 1789 799 1872 spatia
821 1789 936 1855 ultima
957 1791 1055 1855 vitae.

203 2013 281 2065 2656.
318 2009 403 2077 Verg.
417 2007 451 2063 Α.
465 2008 559 2063 11555
581 2008 695 2063 Troiam
719 2009 864 2065 incensam
887 2018 916 2067 et
938 2013 1074 2081 prolapsa
1091 2013 1236 2069 videntem

123 2095 155 2150 'r
175 2112 244 2150 ama.

128 2110 174 2165 og
204 2184 262 2233 266.
299 2178 539 2249 1666611509
558 2195 634 2233 arma
652 2179 703 2234 din
723 2180 818 2235 senior
835 2180 953 2237 desueta
965 2183 1151 2239 trementibus
1163 2200 1235 2240 aevo

123 2268 263 2323 *ircumdat
281 2266 453 2335 nequiquam
471 2264 601 2321 humeris.

203 2354 260 2404 262.
298 2350 380 2405 Ovid.
392 2351 457 2405 1166
471 2350 545 2404 XIII
558 2352 607 2402 568
626 2357 722 2406 16166616.

169 2542 226 2591 266.
264 2539 341 2594 Serv.
350 2537 434 2606 Verg.
445 2537 480 2591 A.
494 2537 507 2590 Ι
521 2541 531 2589 1
548 2542 585 2602 {ot
596 2567 631 2577 -
643 2539 808 2603 cadentem).
828 2536 920 2593 Schol.
931 2538 1000 2594 Stat.
1011 2537 1114 2594 Achill.
1124 2539 1166 2594 IV
1175 2541 1233 2592 277.

167 2727 226 2776 264.
263 2726 421 2779 66116666-
434 2725 548 2779 carium.
579 2726 688 2781 Seneca
700 2725 771 2780 lled.
786 2727 835 2776 601
855 2727 983 2794 quisquis
1002 2727 1120 2782 audacis
1138 2728 1236 2796 tetigil

123 2811 213 2865 uiuae
230 2811 350 2866 Nobiles
368 2826 466 2867 remos.

168 2898 226 2947 265.
263 2898 342 2965 16696
360 2897 423 2949 dier.
459 2896 531 2951 Plin.
549 2897 620 2964 Epp.
635 2895 707 2950 VIII
726 2898 750 2962 5,
770 2898 784 2946 3
808 2896 970 2951 cicatricem
993 2926 1027 2934 -
1049 2897 1120 2952 nihil
1145 2914 1234 2968 aeque

123 2997 134 3036 6
150 2983 307 3038 necessitas
326 2983 389 3051 ipsa
408 2989 437 3038 66
455 2982 517 3038 dies
535 2982 622 3051 longa
639 2989 669 3036 66
686 2982 805 3036 satietas
824 2981 931 3035 doloris
949 2981 1068 3035 inducit.

167 3069 225 3120 266.
263 3067 344 3121 tiara.
380 3067 458 3124 Naoh
471 3067 555 3136 Verg.
569 3065 603 3122 Δ.
618 3067 788 3132 11124666,
806 3082 851 3120 wo
870 3082 905 3120 nn
918 3066 966 3119 der
978 3065 1083 3120 Traelrt
1095 3067 1144 3122 des
1156 3069 1234 3122 Pria·

123 3168 160 3208 lus
177 3158 377 3221 sceptrumque
396 3168 532 3223 sacerque
551 3153 638 3207 tiaras
656 3151 764 3220 gehltrt

168 3240 226 3290 268.
262 3239 320 3291 ruit
344 3243 406 3292 ante
429 3257 510 3292 arom.
553 3236 794 3306 Verg.A.11250
813 3236 915 3292 altaria
933 3236 970 3290 ad
988 3236 1052 3304 ipsa
1068 3241 1234 3293 trementem

123 3322 221 3379 66666

167 3414 198 3462 at
215 3410 319 3464 vetulus
338 3409 388 3461 boa.
424 3410 606 3465 Vereschluss
624 3410 679 3463 wie
697 3407 782 3477 Verg.
801 3407 836 3463 A.
854 3406 882 3461 V
899 3409 946 3461 461
971 3407 1134 3476 procumbit
1157 3406 1233 3461 humi

123 3509 157 3550 66
194 3494 258 3563 Vgl.
277 3494 350 3548 Einl.
370 3494 396 3550 S.
417 3497 456 3546 12.
493 3495 553 3549 Das
571 3493 732 3550 (6166616666
755 3494 827 3548 anch
847 3492 972 3561 Odyssea
996 3493 1077 3546 6535
1100 3494 1136 3551 ῶς
1153 3493 1190 3550 τίς
1207 3510 1233 3544 τε

123 3580 238 3632 retrusae
257 3579 318 3648 βοῦν
336 3580 379 3633 ἐπὶ
397 3580 488 3652 φάτνῃ.

169 3667 226 3717 211.
246 3667 305 3717 212.
343 3664 423 3720 Ovio.
436 3666 500 3721 1166.
514 3665 588 3719 XIII
602 3666 650 3715 542
671 3664 804 3729 (Hecuba)
820 3671 919 3719 torvos
932 3664 1058 3719 sustollit
1070 3664 1106 3718 ad
1119 3661 1235 3717 aethera

123 3749 202 3806 ultus
222 3753 342 3804 566-66
361 3753 492 3821 rictuque
511 3752 541 3805 in
559 3750 646 3805 verba
664 3755 765 3818 pareto
782 3750 912 3805 Latravit
930 3755 1033 3804 conata
1050 3748 1137 3816 loqui.
1169 3745 1232 3801 Son.

123 3843 199 3904 lgam
212 3839 350 3890 705-709
367 3843 412 3892 tot
429 3837 479 3891 illa
497 3852 595 3905 regum
612 3842 700 3891 mater
719 3840 748 3890 et
764 3837 891 3905 reginren
903 3834 1045 3903 Phrygum
1056 3833 1192 3888 Fecunda
1204 3832 1234 3886 In

123 3934 183 3988 gnos
199 3923 318 3978 Hecuba
336 3922 457 3977 fatorum
475 3938 565 3977 novas
583 3923 709 3989 Experto
726 3921 804 3990 leges
824 3921 918 3975 induit
940 3919 1036 3974 vultus
1058 3918 1133 3974 feros
1152 3917 1235 3972 Girca

123 4006 198 4063 uiuae
214 4007 316 4063 rabida
333 4009 450 4064 latravit
467 4024 540 4074 snas,
559 4007 663 4062 Troiae
681 4013 825 4075 superstes
844 4006 961 4061 Hectori
979 4005 1090 4059 Priamo
1109 4003 1173 4058 sibi.

172 4095 227 4144 666.
263 4099 376 4148 tameo.
412 4094 476 4149 wie
495 4096 518 4160 3,
533 4096 582 4145 111
601 4093 660 4148 und
678 4095 773 4159 6166.
804 4093 894 4147 666166
913 4093 1007 4156 6111.
1026 4093 1051 4156 6,
1066 4091 1122 4141 rao.

173 4180 313 4233 273-265.
350 4178 538 4245 4661606111,
562 4179 612 4234 der
630 4179 660 4233 in
679 4179 728 4234 der
746 4176 988 4233 Rhetorenschnle
1010 4174 1135 4244 glanum,
1158 4172 1234 4229 murt

123 4259 294 4335 IlsBeiepiele
307 4265 351 4321 1616
364 4262 877 4333 (1661]61666666663166661166(61666166
891 4268 996 4317 ‘ausser
1008 4262 1071 4316 dem
1082 4259 1234 4329 Tyraunen

123 4341 220 4418 Dionys)
239 4351 369 4419 Croesus,
387 4351 539 4419 Pompeius
556 4351 615 4407 und
632 4350 738 4405 ilarius
756 4366 792 4404 an
808 4349 853 4404 Ex
870 4349 963 4403 Ponto
981 4346 1023 4401 IV
1035 4349 1059 4414 3,
1072 4347 1182 4398 29-46.

995 4450 1028 4501 8*
